3182 4908
692 295 912 356 ..26-

214 479 245 536 et
274 473 411 536 iniurias
444 477 579 555 agente
609 470 718 534 Clodia
749 470 812 534 sibi
842 471 948 534 illatas
981 471 1070 534 ultus
1103 476 1158 552 est,
1178 477 1222 534 et
1255 490 1386 534 causam

213 579 310 640 amici
332 579 555 661 gravissimam
579 580 644 662 egit
667 580 792 661 optime.
802 577 826 660 1)

305 682 397 760 Quod
417 686 556 769 denique
581 685 622 748 ad
640 689 768 768 tempus
786 686 924 768 pertinet
932 689 963 766 ²),
990 704 1054 766 quo
1075 683 1203 748 (laelius
1222 683 1388 747 absolutus

213 798 276 873 est,
300 792 339 856 de
363 811 447 856 anno
471 793 611 875 quidem,
635 798 792 875 quantum
816 793 890 874 scio,
914 811 1024 855 omnes
1046 793 1112 855 iam
1130 793 1215 855 idem
1235 791 1387 856 sentiunt.

213 898 296 962 Nam
317 901 393 982 quia
412 898 454 964 M.
475 898 617 981 Cressae,
637 901 693 982 qui
715 918 826 963 mense
843 898 1018 964 Novembri
1037 896 1161 985 eculeo
1180 917 1237 980 pro
1256 898 1388 960 consule

213 1008 247 1068 in
272 1004 399 1086 Syriam
428 1006 554 1089 1111113),
587 1005 888 1088 1111111111114),
917 1006 1123 1070 manifestum
1156 1011 1205 1070 est
1235 1024 1300 1068 uon
1332 1003 1387 1067 On.

213 1112 423 1196 11111111111115)
447 1111 708 1194 Ahenobarbum,
733 1115 789 1196 qui
812 1114 985 1196 posteriore
1009 1113 1139 1177 demum
1158 1131 1242 1176 anno
1262 1117 1388 1196 praetor

213 1221 286 1302 fuit,
326 1221 380 1284 sed
421 1218 477 1282 On.
509 1215 686 1282 Domitium
720 1218 890 1283 Calvinum
927 1226 1105 1303 praetorem
1141 1239 1225 1282 anno
1264 1215 1387 1304 698j56

213 1327 334 1389 iudicio
358 1327 542 1410 praefuisse.
574 1327 672 1409 Apud
696 1326 835 1390 eundem
859 1327 990 1409 quidem
1013 1325 1047 1389 L.
1068 1326 1261 1410 Calpurnius
1280 1326 1389 1389 Bestia

215 1431 354 1497 ambitus
385 1437 552 1496 accusatus
583 1433 736 1516 fueram),
769 1432 866 1496 Sestii
898 1440 1004 1496 autem
1037 1452 1134 1497 causa
1166 1435 1205 1497 de
1237 1436 1270 1496 vi
1303 1434 1389 1518 apud

213 1538 255 1602 M.
279 1540 454 1602 Aemilium
478 1539 632 1603 Scaurum
665 1547 735 1604 acta
764 1540 872 1623 11117)
918 1539 1078 1608 Domitius
1105 1541 1205 1624 igitur
1231 1543 1266 1602 in
1291 1539 1389 1604 Caelii

214 1665 311 1710 causa
334 1647 473 1730 collegae
497 1649 604 1712 nescio
629 1667 692 1730 quo
721 1666 797 1711 casu
820 1647 965 1730 impediti
988 1665 1120 1710 munere
1143 1647 1273 1711 functus
1297 1653 1352 1712 est.
1363 1648 1388 1730 8)

215 1752 278 1816 Sed
302 1753 340 1818 de
364 1753 473 1818 iudicii
497 1755 547 1818 dio
572 1756 752 1818 accuratius
776 1753 935 1836 agendum
958 1758 1013 1816 est.
1051 1755 1137 1816 Ante
1157 1755 1242 1818 diem
1260 1754 1321 1817 ΙΙΙ.
1341 1754 1388 1817 Id.

214 1862 292 1943 Ap'r.
318 1859 428 1924 Cicero
461 1881 536 1924 cum
570 1861 689 1936 Quinto
720 1862 818 1925 fratre
851 1862 1101 1923 communicavit
1133 1880 1176 1924 ex
1196 1863 1322 1926 itinere
1355 1881 1388 1925 se

214 1967 317 2051 pridie
349 1966 431 2030 Non.
455 1967 558 2032 Maias
580 1968 714 2032 Romam
746 1968 926 2032 rediturum
960 1985 1027 2030 esse
1059 1987 1101 2030 ex
1132 1968 1217 2031 villis
1241 1971 1322 2049 suis,
1353 1971 1389 2032 in

215 2094 295 2157 quas
322 2076 427 2138 iturus
456 2080 531 2138 erat.
543 2078 567 2155 9)
618 2073 666 2138 De
698 2075 918 2159 superioribus
949 2093 1044 2157 porro
1075 2073 1189 2138 diebus
1218 2077 1253 2137 iu
1282 2078 1389 2159 priore

215 2181 351 2263 epistula
373 2182 418 2244 ita
440 2182 567 2257 locutus
591 2188 671 2258 erat,
694 2188 731 2245 ut
752 2183 805 2245 rel
827 2183 977 2245 minimas
1000 2200 1051 2244 res
1073 2187 1146 2265 post
1167 2181 1278 2245 Nonas
1302 2188 1389 2246 actas

215 2295 384 2352 enarraret.
397 2286 437 2369 10)
482 2289 568 2352 Ante
593 2289 621 2352 d.
645 2288 750 2372 VI.¹1)
777 2289 856 2352 Idus
881 2288 1070 2371 Pompeium
1093 2290 1250 2365 visitavit,
1282 2291 1338 2372 qui
1362 2310 1387 2354 a.

216 2394 244 2457 d.
267 2393 327 2456 Ill.
350 2393 397 2457 ld.
421 2396 481 2457 iter
509 2397 544 2458 in
568 2395 751 2459 Sardiniam
773 2395 967 2474 1111111111.Ῑῖ)
1013 2395 1131 2476 Verba,
1162 2414 1244 2478 quae
1267 2395 1389 2458 addidit

216 2499 335 2582 Oioero,
359 2500 476 2581 ,videre
499 2505 606 2565 autem
629 2502 784 2582 volebam,
809 2502 895 2584 quod
918 2520 1004 2565 eram
1027 2503 1179 2585 postridie
1198 2501 1299 2565 Roma
1321 2503 1388 2564 exi-

215 2609 317 2670 turus‘
347 2606 460 2671 docent
494 2627 567 2672 eum
602 2615 674 2673 ante
706 2609 788 2673 illud
820 2611 881 2673 iter
903 2611 939 2671 in
961 2607 1074 2672 urbem
1097 2628 1302 2673 reversurum
1323 2627 1389 2671 non

213 2715 321 2778 fuisse.
368 2713 467 2782 Caelii
495 2716 595 2798 igitur
624 2735 721 2780 causa
748 2721 818 2800 post
845 2715 954 2779 Nonas
977 2716 1106 2799 Apriles
1134 2723 1203 2780 acta
1231 2735 1389 2780 essenon

306 2983 327 3050 1)
346 2984 472 3035 Attamen
490 2981 583 3052 negari
601 2999 654 3036 non
673 2984 770 3050 potest,
790 2984 857 3051 quin
871 2981 999 3052 dignitati
1013 2985 1039 3035 et
1058 2981 1212 3035 auctoritati
1226 2997 1290 3035 suae
1302 2981 1390 3049 ipsius

216 3071 308 3126 Cicero
327 3071 424 3125 melius
444 3072 634 3138 consuluisset,
660 3071 685 3126 si
704 3070 788 3126 Caelii
806 3073 894 3126 vitam
911 3070 1083 3125 libidinosam
1102 3070 1191 3123 minus
1209 3073 1389 3137 excussasset,

215 3161 316 3214 minore
336 3161 430 3215 ardore
448 3161 477 3215 in
500 3162 642 3216 mulierem
660 3161 772 3214 minime
791 3161 898 3230 dignam
917 3160 1042 3213 invectus
1061 3161 1139 3212 esset.
1174 3158 1282 3228 Oetling
1300 3175 1325 3226 p.
1346 3163 1388 3212 62.

305 3250 325 3316 1)
347 3250 459 3306 Summa
476 3252 559 3306 huius
577 3249 632 3304 loci
650 3252 726 3305 Aem.
745 3249 877 3304 Koerneri
894 3249 1029 3302 amicitiae
1048 3248 1168 3302 debetur.

304 3340 825 3409 3)1111111.1,13,2.1(111111.5,8.
910 3338 932 3406 4)
951 3355 977 3406 p.
998 3341 1040 3392 24.
1127 3337 1391 3406 5))1.Ο111.13,.12.

305 3430 326 3498 θ)
346 3445 369 3483 a.
389 3429 414 3482 d.
433 3429 484 3485 ΠΙ.
502 3430 542 3484 Id.
561 3429 637 3483 Febr.
657 3429 691 3482 ad
710 3428 741 3494 Q.
761 3428 793 3483 11.
813 3431 838 3495 2,
858 3433 883 3495 3,
903 3433 927 3481 6.
1002 3427 1023 3495 7)
1048 3441 1140 3478 mense
1158 3424 1262 3478 Martio.
1300 3425 1390 3496 Lange

214 3517 264 3586 III,
284 3521 345 3573 3211.
423 3517 445 3588 8)
464 3519 501 3574 ib.
520 3523 581 3573 329.
620 3518 714 3573 Oausis
734 3517 766 3571 de
785 3516 814 3568 vi
833 3532 885 3569 non
913 3513 1194 3584 idempraet01·,qni
1220 3514 1253 3567 de
1277 3515 1389 3576 ambitu,

214 3622 339 3677 praeesse
358 3607 468 3663 solebat
500 3608 604 3676 Zumpt,
620 3606 787 3674 Criminalpr.
798 3622 824 3673 p.
835 3610 859 3660 7.
888 3605 1034 3672 Propterea
1047 3601 1161 3671 Pighius
1181 3602 1251 3671 (ann.
1262 3603 1312 3671 111,
1327 3605 1390 3671 395)

215 3698 243 3750 et
261 3695 400 3750 Manutius
419 3697 452 3750 de
471 3712 541 3751 anno
561 3695 727 3750 dubitanmt.
764 3694 907 3768 Drumann
922 3693 958 3757 H,
977 3697 1038 3748 377.

187 3835 193 3856 ,
305 3784 326 3854 ⁹)
345 3784 379 3838 ad
399 3783 431 3849 Q.
450 3785 481 3838 11.
502 3788 527 3847 2,
546 3789 571 3840 7.
669 3786 702 3852 ¹⁰)
721 3783 812 3838 Unius
840 3783 894 3837 diei
921 3799 944 3836 a.
964 3782 988 3836 d.
1009 3781 1071 3835 VH.
1094 3781 1134 3835 Id.
1153 3782 1255 3836 menh'o
1273 3798 1327 3836 non
1350 3782 1389 3834 fit.

215 3873 268 3929 Sed
292 3874 316 3926 si
344 3889 375 3926 eo
403 3873 446 3927 die
465 3873 556 3928 Cicero
582 3890 630 3942 pro
659 3871 750 3928 Caelio
778 3871 926 3926 orationem
949 3871 1098 3939 habuisset,
1121 3872 1194 3926 certe
1213 3870 1318 3924 silentio
1338 3887 1390 3923 non

137 4031 140 4036 Ι
215 3962 409 4031 praeteriisset.
519 3963 552 4030 11)
572 3963 628 4017 cod.
647 3961 683 4016 Μ.
702 3961 753 4028 ΠΙ,
780 3960 851 4029 quod
873 3960 936 4013 ferri
953 3959 1047 4028 nequit
1065 3961 1174 4029 propter
1191 3960 1273 4014 verba
1290 3960 1319 4012 in
1338 3960 1354 4026 ξ
1374 3963 1389 4012 2

215 4069 236 4106 s.
256 4054 284 4120 1.,
302 4051 350 4106 ubi
376 4067 468 4106 omnes
488 4052 563 4106 codd.
588 4051 703 4104 eundem
726 4066 870 4104 numerum
889 4050 999 4105 habent.
1037 4048 1119 4104 Orelli
1138 4053 1166 4104 et
1183 4049 1274 4104 Baiter
1293 4048 1329 4116 (in
1347 4049 1389 4102 ed.

216 4158 257 4211 op.
278 4141 342 4208 Cic,
360 4141 450 4196 Turici
471 4146 548 4210 1845,
566 4141 627 4209 ΙΠ.)
647 4140 770 4194 scribunt
788 4139 836 4207 Vl,
866 4138 1032 4209 Wesenberg
1051 4140 1102 4208 (ed.
1121 4139 1176 4194 Cic.
1195 4155 1264 4209 epp,
1282 4137 1389 4207 Lipsiae

217 4231 306 4301 leta)
329 4230 397 4298 VII3
426 4231 473 4284 sed
498 4229 544 4283 ille
572 4245 702 4283 numerus
729 4228 837 4282 facilius
864 4228 923 4281 sine
951 4228 1032 4282 dubio
1062 4245 1124 4282 cum
1150 4229 1192 4283 Ill
1211 4226 1389 4292 confunditur,

216 4337 296 4390 quarn
315 4320 367 4374 hic.
447 4317 767 4390 1”)1(1ί).11.2,6,2.
