3182 4908
647 290 844 358 ,³3-

157 475 192 536 ln
216 473 383 557 provincia
406 469 604 554 successit1),
628 475 659 534 et
675 469 715 533 M.
728 469 976 550 CaeliusRuqu,
1001 472 1039 537 de
1064 490 1127 554 quo
1151 473 1331 536 accuratius

159 600 265 664 agere·
284 561 380 642 nobis
411 579 447 641 in
479 579 583 641 animo
614 583 669 641 cst.
716 575 881 652 Quatenus
913 597 990 642 vero
1022 578 1107 642 inter
1138 597 1172 643 se
1205 579 1332 663 cognati

158 685 279 750 fuerint
303 685 433 769 singuli,
459 686 515 767 qui
539 683 644 748 Caelio
668 684 799 748 nomine
822 681 874 747 usi
897 675 971 765 sint,
1002 683 1147 769 indagari
1178 705 1244 749 non
1277 706 1333 769 po-

159 791 263 876 test.²)
308 791 356 856 De
368 793 477 854 'unius
495 781 537 854 Μ.
549 788 647 854 Caelii
669 789 743 853 Rufi
766 789 954 875 parentibus
977 810 1080 874 pauca
1102 791 1195 856 nobis
1218 791 1334 856 tradita

160 905 244 978 sunt,
269 887 359 982 quae,
377 899 570 981 priusquam
595 897 634 960 de
655 897 714 960 filii
736 899 803 961 vita
827 915 1035 980 exponamus
1059 917 1208 962 enarrare
1230 899 1332 962 liceat.

251 1005 417 1090 Quidquid
441 1004 479 1067 de
502 1003 544 1068 M.
559 1001 659 1068 Caelii
671 1003 747 1068 Rufi
769 1005 868 1089 patris
891 1004 988 1068 rebus
1012 1006 1230 1089 cognovimus
1245 1004 1334 1069 Cice-

160 1113 419 1188 roni‘dcbemus,
444 1112 558 1194 quiin
591 1112 734 1175 oratione
765 1131 822 1195 pro
854 1110 921 1174 filio
954 1111 1062 1175 habita
1093 1111 1232 1176 breviter
1263 1113 1335 1176 illas

160 1222 349 1304 perstrinxit
371 1213 466 1301 atquc
489 1218 616 1302 attigit,
648 1217 735 1282 unde
758 1218 836 1285 haec
866 1219 933 1282 fere
966 1218 1160 1302 colligimus:
1209 1217 1335 1284 anlius

92 1323 94 1330 ’
160 1333 251 1412 pater
274 1324 589 1410 equesRomanus⁸)
612 1323 682 1406 fuit,
706 1325 821 1410 quiin
843 1326 1018 1409 municipio
1043 1327 1182 1409 quodam
1214 1326 1334 1390 habita-

160 1433 258 1518 batt)
302 1433 366 1496 Res
399 1434 468 1496 cius
500 1415 661 1495 secundae
692 1449 751 1494 nec
783 1436 895 1496 tenues
926 1432 1027 1496 fuisse
1058 1425 1224 1514 uidentur,
1261 1452 1335 1496 oum

127 1537 129 1542 ’
161 1545 286 1626 praeter
319 1517 508 1602 domesticas
535 1541 570 1600 in
598 1537 709 1601 Africa
741 1557 869 1621 quoque
901 1539 1117 1622 possessiones
1150 1539 1336 1617 habuerit.⁵)

162 1634 271 1730 Atque
295 1665 368 1709 cum
392 1646 451 1708 filii
474 1644 702 1709 obtrectatores
724 1643 953 1728 parsimoniam
961 1645 986 1729 6)
1017 1646 1085 1709 eius
1116 1647 1278 1710 illuserint
1306 1651 1337 1710 et

163 1775 240 1838 erga
262 1753 368 1817 filium
390 1754 487 1816 nimis
510 1770 642 1836 parcum
671 1756 702 1814 et
732 1758 877 1816 tenacem
910 1771 984 1816 eum
1017 1752 1119 1837 essel)
1153 1753 1337 1834 obiecerint,

164 1860 337 1923 admodum
356 1860 549 1943 locupletem
568 1877 643 1921 eum
660 1857 760 1920 fuisse
783 1859 949 1939 constatss).
995 1858 1102 1923 Etiam
1124 1861 1159 1921 in
1182 1859 1262 1923 urbe
1282 1860 1337 1923 do-

164 1987 255 2030 mum
278 1966 426 2029 habuisse
450 1964 583 2028 videtur.
629 1963 868 2047 Reprehensum
892 1968 979 2030 enim
1003 1972 1058 2048 est,
1083 1966 1169 2050 quod
1191 1965 1279 2030 filius
1298 1966 1337 2030 ab

166 2095 202 2138 eo
227 2071 450 2157 semigraritl),
474 2072 561 2135 unde
584 2072 710 2135 nullum
733 2071 888 2155 probrum
912 2091 1039 2136 sumere
1057 2073 1159 2155 licuit,
1172 2074 1236 2164 nisi
1250 2078 1339 2156 pater

164 2183 198 2244 in
221 2179 301 2244 urbe
324 2185 394 2243 tum
418 2185 551 2243 aetatem
576 2180 720 2262 degisset,
751 2197 825 2242 cum
857 2178 945 2243 filius
977 2181 1041 2244 iam
1073 2179 1169 2244 rebus
1200 2180 1338 2264 publicis

167 2287 295 2352 studere
319 2288 484 2370 coepisset.
532 2284 625 2361 Quod
648 2305 742 2370 porro
755 2284 865 2350 Cicero
884 2288 981 2370 patris
1001 2286 1186 2371 dignitatem
1206 2291 1238 2350 et
1255 2289 1339 2350 inter

165 2398 252 2459 cives
286 2396 505 2458 auctoritatem
530 2393 669 2458 celebrat
702 2381 841 2476 eumque
872 2393 978 2457 forum
1012 2385 1088 2456 olim
1121 2393 1343 2481 frequentasse

165 2504 336 2587 praedicat,
359 2503 394 2564 in
410 2521 474 2585 quc
489 2506 618 2585 propter
633 2493 914 2564 senectutem'iam
934 2501 990 2564 diu
1009 2502 1118 2564 minus
1138 2499 1333 2584 verseturw)

166 2610 367 2690 adducimur,
390 2614 427 2671 ut
448 2613 600 2692 putemus
624 2627 697 2671 eum
720 2627 788 2670 una
811 2627 885 2670 cum
908 2606 974 2671 filio
997 2609 1032 2671 in
1061 2608 1174 2672 urbem
1206 2609 1341 2672 venisse.

167 2716 271 2791 Quem
294 2718 329 2778 in
353 2715 556 2778 educandum
580 2733 655 2777 cum
681 2733 787 2778 acrem
819 2729 929 2779 curam
954 2716 1217 2800 diligentiamque
1240 2733 1343 2799 usque

156 2824 413 2902 .oontulisset1¹),
438 2822 515 2903 quid
538 2823 666 2902 mirum,
689 2824 717 2884 si
741 2822 838 2886 abeo
858 2822 1018 2886 discedere
1041 2823 1154 2905 noluit,
1173 2829 1342 2908 postquam

169 2947 243 2991 eum
274 2928 313 2991 ad
339 2926 520 2990 Ciceronem
545 2927 739 3010 deduxit12),
771 2935 808 2992 ut
830 2931 1020 3011 erudiretur,
1051 2933 1237 3014 pracsertim
1269 2949 1344 2995 cum

169 3036 286 3098 unicus
309 3039 392 3097 esset
413 3033 555 3116 filiusll).
604 3033 704 3097 Cuius
727 3053 800 3098 cum
824 3055 921 3100 causa
945 3042 1014 3100 acta
1038 3041 1099 3119 est,
1131 3043 1163 3101 et
1193 3043 1283 3121 pater
1314 3043 1346 3100 et
1439 3029 1443 3035 ’

169 3145 269 3204 mater
291 3140 409 3204 iudicio
434 3141 561 3204 affuisse
590 3142 743 3205 videntur
765 3162 925 3206 summam
954 3149 1151 3208 senectutem
1183 3145 1289 3227 adepti
1297 3146 1344 3223 14).

169 3248 258 3312 Haec
281 3248 380 3312 habui
413 3248 452 3312 de
474 3250 718 3333 parentibus¹⁵);
757 3251 823 3312 iam
854 3254 1053 3314 transeamus
1086 3250 1123 3313 ad
1157 3249 1215 3312 filii
1246 3251 1345 3313 vitam

169 3356 390 3420 enarrandam.
767 3366 770 3372 '

260 3516 280 3584 1)
300 3513 355 3570 cic.
375 3518 409 3569 ad
428 3515 490 3568 lam.
511 3517 535 3582 2,
559 3519 601 3583 15,
612 3519 636 3569 4.
657 3515 691 3568 ad
710 3516 766 3569 Att.
787 3519 812 3581 6,
832 3519 889 3582 6,3
906 3513 974 3584 (Cic.
994 3530 1075 3584 opera
1093 3515 1134 3570 ed.
1155 3515 1247 3585 Orelli,
1271 3519 1346 3584 1845,

170 3619 232 3671 pars
249 3605 310 3674 ΙΠ).

260 3693 281 3761 ²)
301 3693 440 3748 Drumann
457 3694 493 3762 H,
513 3699 565 3750 408
585 3711 624 3763 sq,
697 3693 719 3762 8)
738 3691 793 3748 Cic:
812 3709 860 3762 pro
878 3692 950 3748 Cael.
970 3698 995 3762 2,
1011 3698 1035 3749 4.
1108 3695 1130 3764 4)
1150 3695 1187 3750 ib.
1209 3699 1234 3764 2,
1254 3699 1278 3750 5.

260 3782 282 3848 5)
301 3782 337 3837 ib.
356 3788 399 3852 30,
419 3787 461 3838 73.
535 3785 560 3854 ο)
575 3783 610 3838 ib.
631 3787 656 3852 2,
676 3788 700 3838 3.
783 3783 805 3850 7)
823 3782 860 3837 ib.
883 3787 924 3850 15,
940 3787 988 3839 Ι36.
1010 3785 1051 3851 16,
1071 3788 1114 3839 38.

263 3871 285 3938 ⁸)
303 3869 382 3925 Unde
401 3873 495 3928 Drum.
515 3871 552 3941 H,
573 3877 633 3942 411,
658 3887 720 3926 eum
746 3872 829 3926 nimio
848 3872 956 3926 faenore
974 3873 1092 3928 iniustas
1110 3871 1221 3927 divitias
1239 3889 1348 3942 parasse

173 3957 317 4029 collegerit,
337 3977 390 4014 non
407 3961 496 4016 video.
516 3961 620 4017 Causas
639 3978 693 4015 non
712 3963 799 4016 affert.
1050 3997 1053 4007 ,

261 4049 283 4117 Β)
302 4067 327 4118 p.
347 4048 416 4103 cael.
436 4055 461 4119 r,
484 4054 523 4105 1e.
602 4051 691 4119 10)11).
712 4055 736 4119 a,
756 4057 780 4106 3.
801 4056 825 4106 4.
900 4051 934 4122 ¹¹)
953 4047 990 4106 ib.
1010 4055 1035 4119 4,
1055 4055 1080 4107 o.
1101 4057 1124 4119 a,
1147 4056 1187 4106 11.
1207 4055 1250 4119 eo,
1270 4054 1312 4106 72.

263 4135 296 4206 ¹²)
314 4137 350 4192 ib.
371 4142 395 4204 4,
415 4143 439 4192 9.
526 4137 559 4209 ¹³)
579 4140 615 4194 ib.
635 4143 678 4208 32,
698 4145 740 4195 79.
816 4141 903 4208 ι’4)11).
924 4145 949 4207 2,
968 4144 994 4195 4.

263 4227 298 4297 15)
315 4227 395 4281 Errat
417 4227 511 4283 Drum.
535 4229 619 4283 verba
643 4229 705 4298 Cic,
734 4247 803 4299 quae
828 4232 891 4284 sunt
914 4231 948 4284 ad
971 4231 1027 4286 att.
1047 4233 1072 4296 7,
1092 4235 1116 4298 3,
1128 4234 1152 4298 6,
1171 4230 1211 4284 ad
1230 4227 1349 4284 Caelium

174 4317 278 4384 patrem
298 4317 417 4370 referens
436 4317 481 4388 (Π,
493 4318 564 4387 411),
584 4335 647 4373 cum
666 4319 700 4374 ad
709 4318 797 4372 filium
809 4319 967 4388 pertineant
987 4319 1021 4374 cl.
1032 4319 1172 4387 adlamtl,
1186 4323 1260 4388 14,3.

1141 4411 1172 4462 μ
