3182 4908
668 315 886 378 „23-

159 487 161 492 ’
195 501 304 561 auctor
325 496 387 558 fuit
409 493 685 573 senatusconsulti,
709 499 745 555 ut
766 511 875 576 regem
897 491 1072 562 reduceret.
1083 493 1106 571 1)
1149 490 1211 554 Sed
1230 489 1261 554 C.
1282 489 1367 572 Cato,

194 604 344 667 tribunus
367 601 480 685 plebis,
502 601 595 663 initio
619 601 695 662 anni
714 600 879 682 sequentis
896 598 1012 679 effecit,
1035 596 1175 661 utillud
1194 593 1368 676 tolleretur,

195 712 271 793 quia
294 708 436 789 Sibyllae
458 726 524 770 non
546 707 693 790 placeret.
704 705 728 789 ²)
782 705 905 769 Iterum
935 705 974 768 de
1003 705 1169 768 eademne
1193 707 1298 768 actum
1322 708 1370 768 est

194 819 229 879 in
253 819 365 880 senatu
392 814 438 877 Id.
462 813 621 878 Ianuariis
629 815 661 894 ³),
694 833 758 896 quo
788 812 840 876 die
868 811 976 876 Cicero
1014 813 1189 874 orationem
1222 811 1261 874 de
1293 830 1369 894 rege

194 941 252 1006 per
274 921 446 985 Lentulum
468 918 665 984 restituendo
688 918 840 1000 habuit4)
888 919 1031 982 Crimina
1058 937 1151 1002 porro
1180 919 1219 981 de
1242 917 1369 982 insidiis

195 1031 278 1092 vitae
312 1027 425 1092 Dionis
463 1033 495 1091 et
529 1026 658 1092 Clodiae
694 1028 811 1110 paratis
851 1025 958 1109 qualia
991 1025 1123 1106 fuerint,
1166 1045 1185 1088 a
1218 1023 1370 1088 Cicerone

195 1136 298 1199 fusius
330 1135 527 1218 explicatum
556 1134 645 1218 est.⁵)
692 1133 773 1197 Com
805 1152 882 1197 vero
906 1132 1064 1196 adventus
1086 1132 1170 1214 regis
1193 1131 1370 1195 Ptolemaei

194 1245 293 1306 trium
316 1243 502 1321 criminum,
527 1259 609 1324 quae
633 1239 765 1304 Crassus
788 1239 953 1320 refutavit,
975 1225 1048 1302 fons
1070 1237 1212 1320 urentss),
1240 1243 1371 1322 apparet

194 1357 225 1412 et
245 1336 422 1412 seditiones
440 1346 666 1430 Neapolitanas
689 1347 745 1410 illo
768 1352 909 1429 tempore
933 1349 1035 1409 motas
1054 1364 1132 1426 esse,
1156 1364 1219 1427 quo
1244 1343 1371 1409 Caelius
1461 1417 1464 1423 .

196 1476 271 1519 cum
295 1441 416 1518 Clodia
429 1455 525 1517 Baias
547 1453 809 1536 frequentabatl)

283 1564 497 1625 Accusatores
520 1559 797 1622 vehementissime
822 1558 920 1622 Caelii
945 1562 1044 1623 vitam
1068 1563 1099 1622 et
1121 1578 1226 1622 mores
1250 1557 1370 1620 solutos

193 1673 402 1752 increpanmt
424 1669 591 1751 magisque
614 1668 649 1729 in
672 1665 722 1730 his
745 1666 930 1747 maledictis,
954 1687 1052 1750 quam
1074 1668 1109 1730 in
1131 1666 1211 1750 ipsis
1230 1664 1371 1727 crimini-

161 1858 166 1869 ,
194 1774 256 1838 bus
274 1793 403 1858 operam
423 1793 515 1836 suam
533 1772 752 1856 posuerunt.⁸)
771 1771 856 1836 Nam
875 1777 906 1836 et
915 1771 1099 1837 Herennius
1108 1775 1133 1853 ⁹)
1151 1777 1182 1836 et
1192 1771 1323 1836 Clodius
1332 1772 1370 1850 1⁰)

195 1880 296 1944 multa
320 1881 360 1944 de
385 1881 509 1944 deliciis
533 1881 602 1943 eius
625 1879 724 1943 locuti
747 1885 836 1958 sunt,
860 1880 1009 1944 Atratino
1034 1885 1151 1962 autem,
1175 1858 1372 1942 adulescenti

196 1988 420 2071 septemdecim
443 2006 600 2050 annorum
610 1987 658 2070 1¹),
689 1986 744 2049 illa
766 2007 841 2070 pars
865 1989 1076 2052 accusationis
1100 1987 1178 2051 adeo
1202 1985 1373 2069 praecipua

197 2094 270 2158 data
295 2100 351 2176 est,
379 2099 416 2157 ut
438 2094 514 2158 inde
538 2099 676 2177 apparet,
706 2094 792 2177 quod
817 2093 924 2157 Cicero
949 2113 1018 2158 eam
1041 2093 1081 2156 ob
1105 2112 1173 2156 rem
1195 2093 1266 2156 illos
1288 2093 1372 2154 vitu-

196 2204 345 2284 perat12),
383 2202 464 2265 salse
496 2201 689 2265 robustiores
697 2199 736 2283 13)
770 2201 947 2285 appellans,
988 2200 1108 2284 quibus
1136 2198 1372 2283 impudicitiam

198 2307 323 2372 obicere
345 2308 461 2372 melius
485 2309 662 2372 conveniat.
704 2307 873 2372 Praeterea
894 2305 1094 2391 traditumss)
1118 2314 1166 2370 est
1188 2306 1373 2370 Atratinum

197 2417 232 2478 in
255 2416 412 2498 oratione,
446 2436 543 2498 quam
572 2421 683 2478 contra
709 2434 802 2479 reum
824 2415 950 2497 habuit,
981 2417 1105 2478 ratione
1129 2413 1371 2478 consuetudinis

192 2524 266 2586 eius
299 2541 374 2586 cum
403 2522 527 2605 Clodia,
561 2543 659 2606 quam
691 2522 897 2604 deseruisset,
929 2522 1038 2586 habita
1069 2519 1265 2605 pulchellum
1297 2538 1373 2583 eum

197 2629 346 2693 Iasonem
377 2630 558 2714 appellasse.
613 2629 737 2704 Quibus
765 2630 943 2693 maledictis
967 2628 1093 2692 Caelius
1120 2629 1190 2711 ipse
1212 2626 1372 2710 imprimis

197 2737 233 2796 in
263 2736 446 2800 defensione
473 2736 676 2819 respondisse
708 2737 843 2800 videtur.
890 2737 1050 2820 Impetum
1081 2736 1167 2798 enim
1189 2715 1225 2796 in
1247 2733 1372 2817 pudici-

198 2843 277 2904 tiam
300 2860 392 2904 suam
413 2841 533 2905 factum
555 2844 601 2904 ita
623 2842 761 2908 refutare
785 2843 916 2924 studuit,
941 2849 977 2907 ut
1000 2864 1018 2906 a
1042 2841 1151 2906 Clodia
1173 2859 1278 2904 mores
1296 2857 1372 2902 suos

199 2953 365 3032 corruptos
388 2967 456 3012 esse
480 2947 699 3028 contenderet,
724 2935 1104 3031 quamquadrantariam
1129 2947 1373 3029 Clytemestram

103 3063 106 3069 '
198 3057 287 3119 etin
311 3054 459 3118 cubiculo
482 3054 604 3136 nolam,
626 3056 662 3117 in
684 3055 822 3117 triclinio
846 3073 935 3118 coam
958 3057 1091 3118 vocant.
1102 3055 1141 3138 15)
1185 3053 1238 3116 Ex
1262 3053 1373 3116 amicis
1440 3136 1445 3145 ι

288 3267 440 3335 1)])1039,
463 3270 502 3320 12.
540 3266 728 3320 Cicadfam.
750 3271 773 3332 1,
793 3271 818 3334 7,
838 3270 862 3320 4.

285 3354 587 3422 2)Oie.1.1.Dioao,
608 3361 648 3410 15.
671 3360 712 3409 16.
760 3355 782 3424 ⁸)
802 3355 855 3410 Cio.
868 3356 908 3409 ad.
921 3355 951 3421 Q.
966 3357 997 3411 [r.
1009 3359 1096 3424 2,2,3
1116 3356 1157 3411 ad.
1178 3355 1240 3408 fam.
1257 3359 1280 3422 1,
1302 3356 1327 3422 2,
1348 3358 1371 3407 1.

286 3448 308 3516 ⁴)
328 3447 381 3502 Cio.
401 3462 442 3516 op.
462 3446 503 3499 ed.
524 3444 567 3498 Cr.
588 3443 621 3512 V,
641 3448 697 3514 2p.
718 3450 780 3501 348.
854 3445 876 3516 ⁵)
895 3463 920 3514 p.
941 3445 1011 3500 Cael.
1031 3461 1069 3499 cc.
1090 3449 1122 3499 21
1143 3461 1182 3513 sq.

287 3537 308 3605 6)
326 3552 352 3605 p.
372 3535 444 3591 Cael.
465 3538 660 3604 10,23.8,18.
747 3535 768 3606 7)
789 3535 821 3588 01³.
840 3551 865 3603 p.
880 3539 904 3590 7.
996 3537 1017 3604 8)
1036 3551 1062 3604 p.
1084 3539 1123 3589 rs.

287 3624 308 3693 ⁹)
327 3641 352 3694 p.
372 3624 442 3680 Cael.
464 3629 505 3692 11,
525 3627 560 3680 25
579 3638 619 3692 sq.
641 3628 681 3692 12,
701 3627 735 3680 28
754 3641 793 3693 sq.
886 3624 918 3695 10)
938 3625 971 3678 ib.
994 3629 1034 3693 11,
1054 3628 1096 3679 27.

272 3713 305 3782 ¹¹)
324 3713 398 3768 Suet.
417 3713 514 3783 reliqu.
532 3731 558 3782 p.
577 3717 612 3767 84
631 3714 672 3766 ed.
691 3712 770 3768 Reiff.
867 3713 901 3784 12)
920 3714 938 3769 l.
957 3713 974 3768 l.
994 3719 1019 3781 3,
1030 3719 1054 3768 7.

270 3802 303 3871 ¹³)
321 3817 368 3870 pro
387 3802 601 3871 ,libidinosiores‘
621 3801 712 3856 Orelli.
814 3803 847 3872 ¹⁴)
866 3803 960 3872 Meyer
977 3803 995 3856 l.
1014 3803 1032 3858 l.
1046 3807 1105 3858 485.

273 3891 307 3959 ¹⁵)
328 3890 420 3956 Quint.
445 3895 470 3959 8,
490 3896 515 3959 6,
536 3897 577 3946 53.
642 3891 743 3946 Sensus
772 3893 954 3948 conviciorum
982 3892 1113 3946 obscurus
1138 3892 1187 3946 est.
1234 3889 1373 3956 Quadran-

198 3983 283 4036 tariae
304 3995 451 4050 cognomen
469 3980 532 4034 inde
545 3996 685 4036 emanasse
697 3981 815 4051 videtur,
831 3982 902 4051 quod
914 3983 1051 4051 tamqnam
1065 3979 1194 4034 meretrix
1206 3978 1374 4047 nequissima

199 4071 313 4125 minimo
331 4068 418 4139 pretio
437 4067 535 4136 cuique
553 4085 582 4123 se
601 4071 678 4124 daret
695 4072 725 4125 in
742 4071 950 4140 impudicitiam.
988 4070 1168 4140 Clytemestra
1177 4067 1311 4137 appellata
1323 4070 1372 4136 est,

202 4161 274 4228 quod
302 4157 445 4214 Metellum
473 4157 601 4212 maritum
629 4176 734 4215 veneno
752 4161 922 4216 interemisse
941 4159 1077 4214 ferebatur
1105 4159 1141 4227 (p.
1155 4156 1236 4212 Cael.
1257 4160 1299 4224 24,
1318 4156 1371 4224 60).

201 4248 345 4314 Quid'sibi
362 4246 451 4301 velint
468 4246 553 4300 rerba
580 4247 616 4316 ,in
638 4249 757 4305 triclinio
781 4267 836 4316 coa,
864 4250 893 4303 in
916 4248 1039 4304 cubiculo
1056 4248 1127 4302 nola‘
1145 4263 1199 4301 non
1218 4245 1373 4301 diiudicem.
1471 4289 1472 4294 ,

199 4337 271 4394 Satis
290 4337 379 4392 multa
397 4337 430 4390 de
449 4336 487 4390 eis
506 4336 589 4390 rerba
607 4337 704 4394 fecisse
716 4340 846 4394 videntur
858 4340 1000 4392 Drumann
1017 4338 1053 4406 H,
1068 4342 1128 4406 381,
1148 4335 1243 4406 Meyer
1257 4339 1309 4390 464
1324 4351 1373 4404 sq,
