3182 4908
688 295 905 358 -27-

208 478 321 558 potest,
340 491 446 554 neque
463 472 543 554 ipsis
557 471 589 536 N
590 473 667 552 onis,
687 473 763 554 quia
782 473 821 537 de
838 474 879 536 iis
898 489 1028 556 quoque
1039 471 1196 547 Quintum
1215 471 1384 534 certiorem

208 581 291 646 fecit.
303 579 326 662 1)
377 580 481 661 Atqui
513 597 554 642 ex
584 576 751 642 Ciceronis·
777 598 835 662 pro
864 577 970 642 Caelio
1003 580 1146 642 oratione
1178 578 1385 661 cognoscitur

209 687 367 752 iudicium
387 685 500 748 diebus
515 684 604 748 festis
619 685 773 768 ludisque
791 685 930 769 publicis
938 686 963 770 2)
982 687 1159 750 exercitum
1175 703 1244 749 esse
1259 685 1384 767 paucis-

212 813 275 876 que
308 792 419 855 diebus
446 796 518 875 post
540 789 676 857 Sextum
700 790 847 856 Clodium
879 793 1063 874 absolutum
1074 792 1112 876 31,
1143 793 1199 874 qui
1222 811 1240 854 a
1263 790 1384 854 Milone

211 904 377 964 aecusatus
407 916 515 961 mense
544 896 659 961 Martio
689 917 817 964 oausam
841 901 1026 980 1111111141
1074 898 1156 962 Cum
1179 903 1286 962 autem
1308 897 1386 960 inde
1452 909 1454 916 ⁴

141 1019 143 1024 '
210 1025 314 1088 usque
332 1005 371 1068 ad
381 1004 490 1068 Nonas
500 1004 630 1087 Apriles
647 1005 731 1068 nulli
748 1005 871 1069 fuerint
889 1005 959 1068 ludi
978 1007 1161 1088 nisi,primo
1172 1003 1384 1088 Megalesium

212 1113 272 1188 die,
294 1111 396 1195 pridie
414 1110 496 1180 Non.
517 1111 637 1193 Apr.⁵),
660 1111 721 1174 hoc
743 1113 813 1194 ipso
839 1111 888 1174 die
907 1111 1034 1176 Caelius
1056 1115 1091 1175 in
1114 1111 1270 1174 iudicium
1288 1113 1384 1174 venit.

210 1219 355 1303 Epistula
387 1223 495 1282 autem
531 1215 705 1298 Ciceronis,
742 1217 799 1280 ubi
816 1237 882 1282 -res
918 1218 973 1282 illo
1012 1219 1063 1282 die
1097 1222 1182 1281 actas
1215 1223 1385 1299 enarraret,

210 1331 332 1390 servata
365 1345 431 1388 uon
463 1330 511 1388 est
523 1323 557 1407 61,
588 1325 697 1407 itaque
729 1324 857 1406 accidit,
899 1331 935 1388 ut
966 1327 1000 1387 in
1032 1325 1107 1410 11111,
1141 1343 1221 1406 quae
1254 1325 1294 1387 ad
1325 1342 1385 1388 nos

209 1437 433 1518 pervenerunt,
456 1430 546 1494 nulla
568 1433 688 1496 mentio
711 1451 858 1514 magnae,
884 1451 979 1514 quam
1003 1436 1133 1516 agente
1152 1430 1262 1495 Clodia
1279 1451 1386 1515 repor-

210 1542 307 1622 tavit„
321 1540 473 1602 victoriae
496 1537 592 1602 fieret.
703 1535 704 1538 ’

303 1857 446 1922 Caelium
477 1877 557 1936 uon,
592 1864 764 1940 antequam
793 1876 921 1920 causam
950 1857 989 1920 de
1011 1859 1045 1919 vi
1073 1857 1225 1938 defendit,
1256 1857 1386 1920 adrem

210 1964 373 2048 publicam
396 1967 564 2029 accessisse
583 1985 679 2048 supra
698 1963 847 2041 diximus.
859 1967 881 2043 ⁷)
921 1963 991 2040 Quo
1011 1983 1094 2026 anno
1115 1969 1264 2046 quaestor
1280 1963 1385 2040 fuerit,

211 2071 362 2134 traditum
397 2073 527 2155 quidem
559 2091 625 2135 non
657 2076 717 2152 est,
751 2071 806 2134 sed
838 2091 904 2134 non
934 2073 970 2134 iu
1003 2089 1109 2134 errore
1141 2071 1262 2134 versari
1293 2069 1385 2133 nobis

210 2177 366 2254 videmur,
389 2181 418 2242 si
442 2180 576 2243 dicimus
601 2197 675 2242 eum
697 2179 752 2240 illo
776 2179 845 2261 ipso
868 2197 963 2260 anno,
987 2197 1050 2260 quo
1073 2177 1191 2240 famam
1213 2178 1304 2260 prius
1321 2178 1386 2240 iam

211 2284 272 2348 sibi
303 2290 446 2369 paratam
482 2285 622 2348 firmavit
654 2293 685 2348 et
717 2287 824 2367 auxit,
864 2290 955 2368 grata
992 2304 1071 2348 aura
1108 2285 1255 2367 populari
1292 2305 1386 2348 usum

211 2391 418 2475 quaesturam
441 2393 570 2476 petiisse
590 2397 621 2455 et
640 2411 724 2456 anno
745 2393 893 2476 sequenti
912 2393 972 2456 hoo
991 2410 1125 2455 munere
1142 2391 1290 2455 functum
1308 2411 1385 2456 esse.

301 2499 502 2582 Quamquam
522 2487 630 2562 'clodii
651 2501 844 2581 inimicitiis
868 2519 948 2582 quas
967 2498 1073 2562 Caelio
1097 2503 1248 2581 pararant
1270 2517 1387 2582 magna
1409 2521 1430 2553 a

211 2627 244 2671 se
269 2607 463 2672 contumelia
486 2606 669 2688 affecerant,
701 2611 810 2670 tamen
844 2625 918 2670 eum
946 2607 1075 2688 insequi
1097 2624 1163 2668 non
1187 2605 1385 2670 destiterunt.

211 2711 307 2774 Initio
341 2715 416 2774 anni
454 2713 578 2798 700154
615 2732 734 2776 nomen
767 2714 835 2777 eius
866 2715 985 2778 iterum
1021 2713 1085 2775 illis
1123 2711 1308 2776 auctoribus
1346 2712 1387 2775 ad

211 2824 389 2900 praetorem
423 2819 565 2882 delatum
594 2826 656 2900 111,
689 2824 785 2902 atque
814 2826 885 2884 tum
915 2820 1044 2903 quidem
1068 2820 1109 2882 ad
1133 2817 1384 2901 OnDomitium

304 2994 324 3063 ¹)
343 3010 383 3062 ep.
404 2998 429 3061 a,
451 3000 472 3048 s.
548 2993 614 3063 ⁹)1,
636 3000 659 3047 1.
732 2994 878 3064 811111.

302 3084 324 3152 ⁴)
343 3083 377 3136 ad
396 3082 427 3148 Q.
447 3084 479 3136 fr.
495 3087 520 3150 2,
536 3087 560 3145 6,
572 3087 596 3138 6.
633 3082 673 3136 Ut
691 3099 774 3150 supra
792 3083 1150 3151 1111111111·111111111,01111ο
1170 3083 1277 3153 singula
1292 3083 1386 3138 diebus

211 3173 275 3226 inde
294 3189 310 3226 a
328 3172 398 3228 Non.
419 3174 482 3240 Apr.
509 3179 570 3226 aeta
594 3171 741 3240 enarravit,
766 3188 788 3226 a.
810 3173 834 3227 d.
854 3173 887 3226 V.
911 3173 951 3226 Id.
967 3175 1066 3226 autem
1084 3171 1170 3226 Roma
1188 3172 1263 3226 exiit.
1301 3171 1388 3226 Causa

210 3261 295 3331 igitur
319 3261 394 3315 Sexti
419 3261 475 3314 illis
498 3261 592 3314 diebus
618 3263 678 3314 acta
705 3276 759 3314 non
785 3264 833 3314 111.
881 3261 969 3327 Quare
991 3261 1203 3330 Wesenbergius
1228 3261 1288 3314 iure
1312 3259 1387 3314 illam

210 3353 315 3418 partem
334 3351 412 3420 epist.
433 3354 458 3418 2,
479 3355 495 3404 6
515 3366 578 3404 oum
597 3352 694 3418 quarta
713 3348 836 3404 eiusdem
853 3349 916 3404 libri
934 3351 1082 3418 coniunxit,
1102 3365 1170 3418 quae
1189 3352 1250 3417 1111
1269 3366 1292 3404 a.
1313 3350 1337 3402 d.
1352 3349 1386 3404 V.

210 3440 249 3494 ld.
268 3439 347 3495 Mart.
367 3440 468 3509 scripta
487 3442 528 3494 est
547 3440 583 3507 (2,
603 3443 627 3505 4,
649 3439 682 3507 1).

300 3529 321 3599 ⁶)
341 3529 417 3598 0111.
437 3529 519 3584 inser.
538 3529 597 3583 Lat.
617 3528 631 3582 I
649 3544 675 3597 p.
695 3532 748 3582 388
767 3544 806 3597 sq.
881 3527 1270 3600 11111110112,111111.

302 3620 323 3685 ⁷)
342 3635 367 3686 p.
387 3622 421 3673 20
441 3635 480 3688 sq.
505 3621 569 3673 ante
588 3633 689 3672 annum
709 3618 809 3688 698156
828 3617 1012 3687 Lupercorum
1031 3617 1129 3672 sodalis
1149 3620 1176 3672 et
1194 3617 1303 3671 decurio
1321 3619 1386 3670 erat.

215 3705 329 3759 illorum
348 3707 430 3761 111111
448 3705 553 3761 nobiles
566 3705 754 3760 adulescentes
767 3705 868 3760 initiari
888 3706 1038 3778 solitijsunt
1056 3709 1136 3776 atque
1154 3707 1257 3760 minore
1276 3706 1387 3774 quidem

212 3797 314 3863 aetate,
351 3812 413 3849 cum
444 3796 578 3850 imberbes
611 3795 763 3849 discurrere
797 3796 939 3864 Augustus
972 3796 1098 3850 vetuerit.
1144 3795 1218 3850 Suet.
1246 3796 1314 3864 Aug.
1343 3798 1386 3849 31.

212 3883 328 3938 Decurio
353 3899 387 3936 cx
405 3883 464 3954 lege
481 3885 553 3938 Iulia
572 3885 693 3955 (708146)
719 3884 878 3952 municipali
902 3885 1012 3953 quidem
1030 3888 1092 3938 ante
1111 3901 1212 3938 annum
1229 3883 1387 3936 trecentesi-

212 3988 288 4024 mum
306 3987 385 4025 uerno
402 3973 462 4026 fieri
481 3974 601 4029 debebat.
633 3973 686 4027 Sed
703 3973 765 4027 inde
783 3973 868 4044 magis
888 3973 1023 4044 colligitur
1039 3976 1118 4028 antea
1135 3973 1251 4026 minores
1269 3972 1336 4024 natu
1353 3970 1387 4023 ad

211 4059 278 4114 illud
296 4075 397 4114 munus
415 4062 578 4132 pervenisse,
598 4079 678 4132 quarn
697 4061 838 4117 Caesarem
856 4061 944 4132 legom
963 4079 998 4117 ex
1012 4062 1208 4117 consuetudine
1220 4059 1387 4127 municipali,

212 4165 266 4216 qua
287 4149 399 4204 minime
418 4165 486 4219 opus
508 4151 617 4218 fuisset,
642 4152 756 4206 dedisse.
793 4152 886 4222 Lange
904 4153 954 4220 III,
974 4156 1035 4206 449.
1072 4151 1236 4220 Nipperdey,
1255 4149 1306 4218 leg.
1326 4165 1386 4204 anu.

212 4254 237 4305 p.
269 4243 309 4292 16.
360 4239 402 4292 Ex
431 4239 565 4294 Ciceronis
597 4240 679 4310 igitur
705 4240 797 4296 verbis
827 4244 884 4311 (pro
912 4240 983 4296 (lael.
1012 4245 1037 4307 2,
1049 4242 1075 4310 b)
1103 4241 1192 4294 inuria
1220 4237 1388 4292 concluditur

212 4327 338 4399 (Wegeh.
358 4346 382 4397 p.
402 4334 418 4384 4
439 4329 490 4399 sq.)
510 4328 630 4382 Caelium
649 4329 817 4384 tricesimum
836 4346 936 4384 annum
955 4332 1014 4383 turn
1033 4345 1189 4398 superasse..
