3182 4908
720 291 938 354 -33-

131 543 135 550 ι
241 472 311 530 tum
335 486 411 532 esse.
458 465 522 532 Sed
550 488 592 532 ex
624 466 744 549 verbis,
776 487 857 551 quae
890 467 1081 530 antecedunt
1091 468 1124 549 1),
1154 465 1316 550 probabile
1339 468 1418 536 mihi

240 573 367 637 videtur
390 593 464 638 eum
487 576 551 638 iam
576 576 706 640 scivisse
737 573 775 638 K.
799 573 923 638 Martiis
948 574 986 638 de
1009 575 1182 657 provinciis
1206 579 1313 638 actum
1335 574 1417 655 ἰπὶ.)

239 679 340 744 Porro
371 682 539 745 verisimile
570 702 637 746 non
674 685 721 745 est
754 679 853 744 Caelii
886 681 1005 744 litteras
1037 685 1108 764 post
1142 681 1285 764 quinque
1318 699 1416 745 sexve

240 787 370 852 demum
392 807 520 854 menses
549 790 684 873 perlatas
708 807 790 869 esse,
824 807 1018 872 quamquam
1048 793 1153 850 tantae
1182 806 1289 850 morae
1312 807 1416 851 unum

238 895 394 960 habemus
426 897 618 980 exemplum.
631 895 655 977 3)
703 893 807 969 Quare
838 896 873 957 in
897 894 993 958 Nakii
1016 895 1173 958 sententia
1196 894 1328 973 offendi,
1359 895 1414 977 qui

190 1081 192 1086 ,
238 1008 328 1085 putat
349 1001 535 1067 Ciceronem
558 1020 606 1085 ep.
630 1000 672 1078 Il,
698 1004 739 1066 14
762 1001 851 1084 prius
870 1002 1041 1084 scripsisse,
1061 1021 1157 1083 quam
1176 999 1273 1064 Caelii
1293 999 1415 1081 Vlll,9

239 1113 269 1172 et
293 1110 312 1172 8
336 1111 371 1172 in
394 1109 544 1173 manibus
567 1107 722 1172 habuerit.
730 1110 754 1188 4)
1340 1181 1342 1186 ¹

329 1214 493 1280 Sollicitus
517 1235 603 1297 cura,
627 1215 783 1298 quidnam
807 1215 846 1277 de
868 1214 1041 1297 provinciis
1066 1213 1286 1277 consularibus
1306 1212 1415 1276 decer-

237 1328 382 1405 neretur,
432 1325 702 1404 exanimatusque
744 1321 900 1384 desiderio
938 1340 1069 1384 sucrum
1103 1326 1134 1384 et
1166 1319 1255 1383 urbis
1263 1320 1287 1402 ⁵)
1321 1320 1415 1382 initio

236 1431 357 1493 mensis
376 1431 498 1514 Aprilis
506 1429 530 1513 6)
555 1428 664 1492 Cicero
683 1429 801 1492 iterum
821 1426 965 1492 Caelium
983 1428 1116 1511 rogavit,
1138 1433 1184 1508 ut,
1209 1426 1287 1510 quid
1307 1425 1414 1490 decre-

236 1540 305 1599 tum
339 1543 436 1619 esset,
469 1535 531 1600 sibi
563 1536 734 1600 nuntiaret.
782 1533 863 1598 Cum
894 1535 994 1618 igitur
1021 1535 1102 1598 hanc
1126 1535 1294 1617 epistulam
1318 1535 1414 1610 misit,

234 1642 409 1720 nesciebat,
451 1643 537 1726 quod
570 1641 695 1706 Caelius
733 1644 768 1706 in
802 1661 848 1720 ep.
879 1641 971 1722 VIII,
998 1643 1038 1706 10
1071 1642 1254 1724 scripserat,
1292 1660 1413 1704 munus

235 1769 382 1813 annuum
404 1769 471 1813 non
493 1755 698 1834 prorogatum
721 1750 769 1811 iri.

327 2069 461 2134 Interim
491 2069 618 2134 Caelius
645 2068 683 2133 K.
719 2069 786 2132 Ian.
812 2067 968 2155 704s507)
1000 2069 1190 2134 aedilitatem
1221 2076 1413 2154 susceperat,

235 2177 291 2240 sed
314 2198 429 2260 purum
453 2179 558 2261 operis
581 2179 615 2240 in
640 2195 676 2240 ea
699 2176 840 2260 gerenda
862 2175 1008 2257 habebat,
1039 2181 1074 2240 ut
1102 2177 1193 2240 initio
1221 2178 1285 2241 iam
1311 2180 1412 2261 magi·

235 2288 352 2347 stratus
374 2283 495 2348 Romae
520 2286 628 2348 omnia
650 2285 755 2348 iacere
785 2288 817 2347 et
840 2283 1039 2366 conglaciare
1064 2289 1262 2366 quereretur;
1296 2285 1412 2368 gloria·

233 2394 351 2473 turquc
375 2410 409 2455 sc
431 2391 641 2475 prohibuisse,
664 2410 704 2455 ne
728 2396 879 2455 veternus
904 2391 1063 2453 civitatem
1084 2393 1294 2476 occuparet.⁸)
1328 2390 1411 2454 Cum

234 2495 422 2560 tabernariis
445 2499 532 2561 enim
554 2500 711 2581 pugnavit
734 2504 830 2580 atque
854 2515 927 2560 cum
952 2498 1100 2580 aquariis,
1125 2500 1180 2582 qui
1199 2517 1241 2562 cx
1260 2499 1410 2563 ductibus

234 2602 373 2686 publicis
392 2623 509 2686 aquam
526 2605 561 2666 in
579 2604 778 2687 privatorum
796 2591 965 2668 hominum
980 2625 1076 2669 usum
1093 2605 1285 2689 derivarent,
1303 2626 1411 2690 neque

234 2709 471 2792 prohibuerant,
491 2712 664 2794 quominus
683 2729 880 2794 possessores
899 2730 1050 2795 agrorum
1065 2711 1278 2777 adiacentium
1293 2715 1411 2778 ductus

233 2815 432 2899 perforarent
454 2822 485 2881 et
504 2837 619 2900 aquam
638 2816 801 2900 publicam
819 2837 915 2882 suum
933 2820 968 2882 in
984 2819 1188 2883 commodum
1206 2821 1412 2888 deducerent.

236 2920 362 2986 Caelius
382 2925 562 2988 contionem
579 2924 701 3006 habuit,
719 2926 754 2987 in
775 2945 840 3007 qua
856 2925 984 2990 fraudes
1004 2927 1155 2990 acerrime
1174 2929 1411 3011 vituperavit.⁹)

322 3029 446 3095 Eodem
468 3031 534 3095 fere
557 3037 699 3116 tempore
722 3033 848 3116 Appius
868 3031 1019 3097 Claudius
1038 3033 1184 3111 Pulcher,
1209 3035 1265 3117 qui
1288 3036 1411 3118 superi-

235 3155 288 3200 ore
312 3157 395 3202 anno
418 3138 591 3222 proconsul
618 3139 652 3201 in
678 3137 790 3203 Cilicia
812 3140 916 3203 fuerat
924 3141 971 3224 1⁰),
1001 3160 1020 3203 a
1042 3139 1209 3204 Dolabella
1236 3143 1412 3206 maiestatis

325 3438 345 3506 ¹)
363 3439 430 3494 haec
449 3443 525 3494 sunt:
546 3455 603 3510 ,ego
621 3455 665 3494 ros
683 3405 819 3494 Romanas
837 3441 1012 3494 vehementer
1030 3444 1157 3511 exspecto
1177 3443 1204 3494 et
1223 3442 1362 3498 desidoro‘.

325 3527 346 3595 a)
365 3544 390 3596 p.
410 3533 453 3583 37.
526 3529 548 3602 .³)
567 3530 601 3583 ad
619 3530 675 3583 Att.
696 3535 719 3596 5,
739 3533 781 3597 21,
801 3535 826 3583 4.
898 3531 920 3600 ⁴)
938 3529 956 3584 l.
976 3529 994 3586 l.
1014 3547 1039 3599 p.
1060 3535 1102 3584 66.

325 3616 347 3684 ⁵)
367 3617 400 3670 ad
418 3615 480 3670 fam.
501 3620 525 3686 2,
547 3622 588 3684 11,
610 3622 632 3671 1.
715 3617 736 3688 8)
755 3618 789 3672 ib.
810 3619 825 3686 ἕ
846 3621 869 3672 2.
896 3617 940 3674 Pr.
960 3619 1028 3673 Non.
1048 3621 1112 3688 Apr.
1132 3617 1277 3687 epistulam
1296 3621 1409 3676 missam

234 3719 294 3758 esse
313 3703 392 3772 plane
412 3707 515 3758 certum
534 3721 587 3760 non
605 3709 654 3761 est.
691 3705 837 3777 Megalesia
855 3707 927 3761 enim
946 3709 1094 3778 agebantur
1111 3723 1128 3761 a
1145 3723 1184 3776 pr.
1204 3707 1274 3762 Non.
1293 3709 1327 3763 ad
1346 3727 1369 3764 a.
1383 3709 1408 3763 d.

233 3793 282 3847 IV.
300 3793 350 3861 Id,
375 3809 489 3864 quorum
508 3794 622 3849 ultimus
646 3797 704 3850 dies
723 3796 893 3856 Circensibus
916 3795 989 3850 ludis
1014 3796 1206 3872 celebrabatur.
1235 3813 1305 3867 corp.
1329 3797 1408 3853 inser.

233 3882 279 3937 lat.
293 3881 315 3951 Ι,
335 3887 387 3938 390
407 3893 446 3953 sq.
475 3885 517 3938 Ad
535 3884 675 3939 Circenses
694 3887 786 3940 antem
801 3885 894 3940 Cicero
918 3884 976 3939 sine
995 3886 1076 3940 dubio
1101 3887 1242 3956 spectavit.
1261 3885 1409 3941 Manutius.

325 3973 347 4041 7)
365 3972 458 4043 Lange
476 3974 497 4042 I,
518 3977 579 4028 867.
616 3973 782 4044 Nipperdey,
800 3974 874 4044 leges
893 3990 953 4028 ann.
973 3992 998 4044 p.
1018 3980 1060 4045 38,
1081 3980 1124 4032 47.
1173 3993 1175 4000 ’

324 4064 346 4131 ⁸)
365 4064 399 4117 ad
417 4064 479 4118 fam.
499 4068 524 4132 8,
544 4067 569 4132 6,
589 4053 621 4118 4(
1135 4059 1138 4064 ’
1214 4061 1217 4068 '

323 4152 345 4221 9)
364 4151 475 4207 Fhontin
494 4154 527 4206 de
550 4167 611 4222 aqu.
632 4165 670 4208 co.
690 4155 725 4207 75
744 4167 783 4221 sq.
803 4147 857 4210 rec.
876 4153 1017 4209 Dederioh.
1036 4153 1136 4224 Haupt,
1155 4155 1225 4209 ined.
1248 4154 1293 4209 lat.
1320 4173 1346 4225 p.
1367 4159 1408 4209 99.

233 4241 328 4311 Meyer
347 4246 398 4296 466
418 4258 467 4312 sq,
487 4247 547 4298 470.
1025 4261 1028 4266 '

307 4331 340 4402 10)
359 4331 546 4402 DrumannII,
564 4336 621 4386 191.
