3182 4908
785 225 982 284 ..4-

384 399 455 476 Quo
478 419 562 464 anno
584 397 627 462 h
651 399 777 462 Caelius
799 398 904 464 Rufus
927 405 1024 464 natus
1048 401 1107 482 sit,
1145 401 1264 483 optime
1296 401 1430 483 quidem
1457 423 1482 466 a

293 507 400 572 Plinio
408 507 433 592 1)
460 506 615 570 traditum
638 524 708 570 esse
734 505 865 570 videtur
886 507 937 570 his
964 505 1084 572 verbis:
1124 505 1165 587 ,0.
1188 506 1290 570 llario
1314 506 1370 570 Cn.
1395 507 1479 572 Car-

292 615 377 679 bone
399 613 450 678 ΙΠ
474 615 584 692 coss.²)
607 632 633 675 a
659 613 688 675 d
712 614 862 695 quintum
884 613 924 676 K
947 613 1058 676 Iunias
1081 611 1123 676 M.
1152 611 1279 677 Caelius
1301 614 1405 679 Rufus
1440 623 1479 679 et

293 721 325 784 C.
334 721 479 786 Licinius
488 718 606 782 Calvus
629 719 740 783 eadem
764 719 816 784 die
838 721 940 804 geniti
959 725 1045 801 sunt,
1063 724 1203 784 oratores
1220 721 1350 802 quidem
1365 721 1477 803 ambo,

292 829 348 893 sed
375 835 484 892 tamen
518 825 637 909 dispari
670 827 806 889 eventu}
852 825 916 892 Sed
949 827 1050 889 nihilo
1082 827 1192 890 minus
1222 826 1256 889 id
1287 828 1350 890 viri
1383 829 1474 891 docti

292 934 532 1009 dubitaverumt,
555 933 625 996 istis
647 932 756 998 verbis
770 935 841 996 iure
854 933 975 998 offensi.
1005 933 1134 996 Primus
1150 952 1289 998 errorem
1303 935 1345 998 iis
1360 937 1474 998 inesse

292 1042 443 1124 cognovit
465 1037 682 1122 Nipperdeius
690 1040 729 1122 ³),
754 1043 810 1123 qui
833 1041 1031 1125 argumentis
1054 1060 1073 1103 a
1092 1039 1190 1103 Caelii
1212 1040 1388 1105 honoribus
1411 1062 1472 1124 pe-

289 1150 357 1212 titis
380 1167 454 1211 eum
477 1148 583 1230 priore
606 1147 746 1229 quodam
769 1167 863 1229 auno,
888 1166 984 1230 quam
1008 1143 1150 1234 672782,
1172 1152 1285 1210 natum
1317 1166 1387 1212 esse
1411 1150 1471 1212 dc-

288 1257 486 1327 Juonstravit
532 1254 642 1335 Addit,
666 1253 753 1336 quod
778 1253 887 1318 Cicero
909 1257 944 1316 in
959 1253 1060 1316 Bruto
1085 1273 1143 1316 suo
1166 1255 1256 1336 prius
1276 1255 1315 1317 de
1326 1253 1471 1339 an1i04)

289 1363 356 1426 solo
381 1363 446 1445 agit
470 1381 567 1444 quam
589 1362 776 1443 interposito
802 1358 922 1423 Calidio
946 1360 986 1424 de
1016 1358 1111 1423 Calvo
1144 1366 1175 1423 et
1208 1359 1346 1424 Curione
1355 1363 1380 1441 5)
1412 1381 1469 1425 res

289 1476 345 1532 est.
393 1467 626 1532 Gravissimum
648 1485 724 1530 vero
748 1471 972 1550 argumentum
996 1486 1071 1530 eum
1090 1467 1208 1550 effugit.
1247 1465 1356 1531 Cicero
1374 1470 1466 1532 enim

289 1575 366 1639 dicit
387 1573 531 1638 Caelium
560 1578 686 1658 sumpta
713 1577 789 1656 toga
810 1573 898 1636 virili
922 1572 962 1637 ad
985 1592 1020 1636 se
1044 1573 1216 1636 deductum
1239 1577 1355 1655 esseil,
1377 1595 1466 1638 anno

288 1687 395 1746 autem
416 1679 541 1768 688)’66
565 1681 732 1746 assiduum
759 1699 868 1744 secum
896 1681 996 1744 fuisse
1004 1682 1041 1762 ⁷),
1068 1680 1156 1742 unde
1178 1680 1251 1744 luce
1274 1680 1393 1745 clarius
1414 1690 1466 1746 est

287 1808 362 1852 eum
395 1792 469 1852 ante
501 1807 622 1850 annum
651 1807 670 1850 a
696 1786 803 1850 Plinio
836 1786 991 1850 traditum
1023 1792 1136 1850 natum
1169 1805 1246 1850 esse.
1291 1785 1463 1871 Duplieem

287 1915 362 1959 vero
385 1895 449 1958 loci
472 1895 560 1958 citati
583 1893 776 1958 emendandi
798 1895 931 1958 modum
958 1895 1009 1956 vir
1039 1893 1095 1956 ille
1126 1893 1240 1957 doctus
1267 1896 1464 1978 excogitavit

287 2002 397 2066 dicens
420 2000 563 2064 Plinium
587 2005 643 2065 aut
667 2000 766 2064 Caelii
788 2020 906 2065 nomen
928 2021 986 2084 pro
1010 2001 1093 2064 alius
1125 2001 1295 2064 cuiusdam
1327 2005 1463 2065 oratoris

286 2109 418 2171 nomine
451 2109 625 2190 scripsisse,
657 2114 713 2172 aut
743 2109 779 2170 in
808 2106 961 2172 Carbonis
994 2106 1214 2171 consulatibus
1246 2126 1375 2173 errasse.
1421 2107 1460 2171 In

284 2217 424 2299 priorem
447 2214 636 2278 sententiam
661 2214 778 2278 ductus
802 2220 850 2278 est
872 2214 942 2278 loco
960 2214 1017 2277 illo
1028 2212 1233 2276 Ciceroniano
1241 2212 1280 2297 8),
1302 2213 1359 2278 ubi
1370 2214 1459 2279 Calvi

285 2328 316 2385 et
341 2319 490 2383 Curionis
512 2321 644 2383 nomina
666 2322 759 2384 iuxta
788 2341 822 2385 se
854 2322 957 2404 posita
988 2321 1149 2404 leguntur.
1212 2319 1293 2385 Inde
1325 2325 1459 2406 sumpsit

285 2427 429 2491 Plinium
438 2425 537 2490 Caelii
556 2431 587 2489 et
598 2424 745 2490 Curionis
768 2429 901 2491 nomina
922 2428 1007 2490 iuter
1030 2446 1064 2491 se
1086 2432 1294 2510 permutasse,
1317 2449 1459 2513 praeser-

247 2547 249 2551 ’
283 2537 341 2599 tim
365 2554 439 2598 cum
450 2532 584 2596 Calvum
603 2537 634 2596 et
644 2531 816 2597 Curionem
836 2533 985 2617 aequales
1008 2533 1107 2598 luisse
1132 2554 1169 2599 ea
1192 2534 1351 2618 docerent,
1375 2557 1458 2620 quae

284 2642 323 2706 de
347 2646 486 2724 utroque
509 2640 625 2704 tradita
648 2645 767 2719 essent;
792 2639 950 2720 Tacitus9)
974 2646 1081 2704 autem
1104 2660 1171 2704 non
1194 2643 1327 2708 occultis
1349 2644 1458 2709 verbis

282 2748 416 2811 dixisset
440 2745 583 2811 Caelium
605 2747 670 2810 illis
693 2749 847 2811 maiorem
875 2753 953 2811 natu
983 2766 1061 2813 esse.
1108 2747 1170 2812 Sed
1193 2755 1231 2813 ut
1261 2753 1457 2833 praetermit-

281 2859 396 2937 tamus,
421 2855 506 2938 quod
530 2874 571 2919 ex
589 2855 650 2918 hoc
669 2853 919 2939 unoNipperdei
938 2861 1125 2940 argumento
1144 2857 1305 2921 nonlicet
1327 2858 1455 2922 conclu·

282 2962 356 3026 dere
378 2963 474 3025 etiam
498 2961 642 3025 Plinium
665 2961 703 3025 de
728 2961 866 3026 Curione
889 2983 954 3026 una
977 2983 1052 3027 cum
1063 2961 1170 3027 Caelio
1194 2965 1359 3047 cogitasse,
1378 2968 1455 3030 satis

281 3089 395 3134 causae
419 3075 476 3151 est,
499 3089 559 3133 cur
582 3070 622 3133 ad
646 3069 777 3133 alteram
803 3071 863 3132 viri
887 3069 972 3133 docti
995 3072 1187 3134 sententiam
1221 3071 1453 3154 confugiamus

369 3265 389 3334 ¹)
407 3264 433 3318 h.
445 3281 470 3318 n.
482 3269 507 3333 7,
517 3269 560 3335 49,
573 3269 632 3320 165.
646 3263 725 3318 Falso
738 3264 767 3318 in
780 3265 856 3319 codd.
869 3264 925 3334 legi
934 3265 1084 3334 ,Caecilius‘
1098 3281 1146 3334 pro
1156 3264 1279 3333 ,Caelius‘
1293 3266 1453 3335 saepiusque

278 3354 387 3408 nomina
414 3357 567 3423 permutata
594 3370 653 3408 esse
682 3354 934 3409 demonstravenmt
961 3353 1071 3408 Colerus
1105 3355 1138 3408 ad
1164 3355 1225 3408 Val.
1244 3353 1308 3409 Max
1333 3359 1358 3421 4,
1378 3359 1402 3424 2,
1422 3361 1451 3422 73

277 3442 456 3496 Ruhnkenius
474 3443 508 3497 ad
526 3443 595 3498 Vell.
615 3443 673 3498 Pat.
694 3447 718 3498 2.
738 3448 780 3512 67,
800 3443 848 3512 qui
866 3442 950 3496 etiam
968 3443 998 3496 in
1015 3443 1084 3498 Plin.
1097 3443 1125 3497 h.
1139 3460 1165 3496 n.
1186 3447 1228 3511 27,
1248 3447 1273 3512 2,
1285 3448 1309 3513 4,
1326 3445 1451 3513 ,Caelius‘

277 3547 325 3600 pro
344 3531 494 3599 ,Caecilius‘
513 3532 568 3602 legi
585 3530 655 3586 vult.
670 3532 756 3598 Quam
776 3532 929 3601 opinionem
947 3532 1013 3586 satis
1032 3531 1165 3585 refutasse
1184 3533 1250 3585 mihi
1266 3533 1374 3588 videtur
1383 3534 1451 3603 Nip-

276 3620 403 3688 perdeius
423 3620 452 3673 in
470 3619 541 3675 Mus.
560 3619 645 3675 Rhan.
668 3626 708 3690 19,
727 3639 752 3690 p.
773 3625 832 3676 289.
853 3622 932 3675 Anm.
953 3625 977 3675 2.

366 3709 388 3778 ²)
406 3710 423 3764 i.
443 3726 466 3764 ο.
486 3725 555 3764 anno
574 3712 682 3780 crassa.
756 3710 849 3780 8)1.1.
869 3726 894 3778 p.
915 3713 1064 3764 aec-291.
1136 3711 1159 3780 4)
1178 3714 1221 3779 ro,
1242 3715 1301 3767 273.

365 3799 387 3868 ⁶)
409 3803 452 3862 81,
473 3802 532 3853 279.
611 3799 632 3869 ⁰)
651 3816 677 3867 p.
697 3799 767 3854 Cael.
787 3804 812 3868 4,
832 3803 856 3852 9.
936 3800 957 3868 ⁷)
975 3799 1039 3853 ibid.
1059 3803 1099 3853 10.

367 3890 388 3955 ⁸)
407 3887 509 3942 Brutus
529 3891 572 3958 er,
592 3891 653 3942 aaa.

365 3977 387 4044 ⁹)
407 3975 469 4030 dial.
489 3976 521 4030 de
541 3993 578 4032 or.
598 3993 620 4032 c.
643 3980 683 4032 17.
722 3976 816 4032 Omnis
826 3977 973 4046 Nipperdei
993 3977 1153 4046 dissertatio,
1172 3977 1315 4048 inscripta:
1336 3981 1446 4036 vorldul.

275 4065 399 4120 Bemerh.
419 4081 454 4118 zu
472 4066 524 4119 den
543 4065 652 4120 kleinen
671 4065 804 4120 Schriften
823 4067 869 4120 des
888 4065 1005 4135 Tacitus,
1025 4069 1168 4136 postquam
1182 4069 1303 4139 singulae
1315 4074 1406 4138 partes
1418 4072 1446 4124 in

273 4153 345 4210 llus.
364 4153 450 4208 Rhen.
472 4159 512 4210 18.
534 4160 575 4209 19.
595 4155 681 4210 editae
700 4156 772 4224 sunt,
791 4155 889 4209 iterum
908 4155 1042 4223 impressa
1061 4156 1149 4210 estin
1168 4157 1227 4212 eius
1246 4173 1338 4227 opusc.
1358 4159 1446 4214 Berol.

276 4248 343 4300 1877
363 4260 388 4312 p.
409 4247 559 4300 223-340.
