3182 4908
638 288 856 350 ..13-

160 471 243 534 oiroa
280 467 458 532 Pistorium
494 463 629 549 perilt1).
692 462 772 527 Cum
816 468 923 528 autern
963 465 1042 527 sccii
1079 465 1149 528 eius
1185 466 1334 528 nonnulli

158 580 269 659 postea
298 575 449 638 exstincti
481 573 544 635 sint
577 577 608 635 et
639 577 709 634 tum
742 570 872 634 demum
903 588 960 654 per
991 575 1089 634 totam
1121 570 1246 634 Italiam
1269 592 1334 656 pax

156 682 308 746 restituta
330 682 368 745 sit
376 681 410 761 ²),
442 679 615 742 verisimile
648 683 695 742 est
719 677 909 761 Pompeium
938 675 978 740 ad
1001 678 1035 740 id
1058 682 1184 762 tempus
1208 677 1334 763 Capuae

159 789 330 868 mansisse,
366 806 407 850 ne
439 787 517 849 novi
548 785 595 850 ibi
627 784 785 848 tumultus
818 788 998 864 orerentur,
1035 786 1220 868 praesertim
1259 806 1334 849 cum

162 895 198 959 P.
224 893 387 975 Sestiusss),
420 894 476 976 qui
508 895 545 957 in
576 893 640 956 illis
672 889 858 975 regionibus
886 909 961 953 oum
984 892 1128 955 exercitu
1150 892 1265 974 fuerat,
1300 899 1334 958 ut

164 1002 299 1084 primum
325 1001 432 1084 palam
462 1000 503 1063 ad
533 1019 620 1064 arma
649 1003 782 1062 ventum
810 1002 871 1074 est,
903 1003 1070 1060 revocatus
1094 999 1147 1079 sit,
1179 1008 1215 1063 ut
1238 1020 1333 1064 suum

164 1127 235 1170 cum
255 1106 286 1171 C.
306 1107 442 1170 Antonii
466 1107 610 1170 exercitu
629 1108 662 1168 in
681 1104 810 1168 Etruria
829 1105 1044 1187 coniungeret.
1082 1103 1217 1169 Romam
1236 1109 1335 1192 igitur
1389 1141 1393 1150 ·

161 1215 289 1278 revertit
312 1213 488 1296 Pompeius
518 1213 687 1296 praeterita
714 1213 779 1275 iam
809 1211 919 1294 aliqua
942 1213 1019 1274 anni
1043 1209 1168 1299 692J62
1191 1221 1279 1296 parte
1303 1221 1334 1280 ot

158 1324 192 1384 iu
216 1326 407 1403 sequentem
430 1340 551 1383 annum
574 1319 718 1382 Africam
741 1319 940 1401 provinciam
965 1320 1095 1382 sortitus
1119 1324 1174 1384 est.
1220 1321 1334 1404 Neque

157 1447 233 1491 vero
266 1427 358 1509 inde,
391 1427 478 1510 quod
510 1424 544 1501 Q.
574 1425 722 1490 Metellus
753 1423 845 1488 Celer
876 1444 959 1489 auno
994 1423 1132 1513 692J62,
1164 1435 1334 1512 postquam

158 1533 283 1616 (licere,
314 1533 487 1617 proconsul
519 1534 553 1595 in
587 1531 705 1612 Gallia,
737 1532 924 1614 magistratu
959 1551 993 1596 se
1016 1533 1217 1618 abdicavit't),
1251 1536 1334 1599 hauc

154 1643 356 1724 provinciam
388 1659 445 1724 pro
480 1639 610 1702 consule
643 1637 783 1702 obtinuit
792 1639 825 1720 5),
859 1641 978 1723 quippe
1011 1641 1067 1722 qui
1096 1640 1142 1703 ibi
1169 1642 1235 1704 ianr
1259 1661 1334 1706 cum

155 1749 303 1812 exercitu
339 1751 534 1827 versaretur,
574 1746 720 1828 sequitur
757 1744 868 1808 eodem
909 1751 1049 1829 tempore
1076 1747 1266 1831 Pompeium
1298 1751 1333 1812 in

155 1856 360 1918 remotiorem
384 1852 525 1916 Africam
548 1853 745 1935 provinciam
769 1851 924 1937 abiisset).
970 1852 1126 1917 Tenemus
1148 1856 1249 1938 igitur
1272 1855 1333 1919 sub

156 1961 253 2024 finem
276 1959 341 2024 fere
366 1961 442 2022 anui
466 1955 589 2045 692s62
616 1956 759 2021 Caelium
783 1977 858 2021 cum
881 1958 1032 2043 Pompeio
1056 1961 1233 2044 profectum
1257 1981 1333 2028 esse.

160 2066 247 2142 Quae
279 2073 390 2130 nostra
423 2066 652 2149 argumentatio
685 2085 723 2128 ea
756 2077 884 2147 quoque
915 2085 948 2128 re
971 2067 1136 2150 probatur,
1169 2071 1255 2153 quod
1278 2091 1335 2156 per

159 2195 278 2238 annum
300 2170 423 2260 692)62
449 2172 628 2255 complures
658 2172 766 2234 iuius
789 2173 893 2235 vocati
916 2180 1004 2256 sunt,
1035 2177 1091 2257 qui
1114 2175 1267 2240 Catilinae
1289 2178 1334 2241 fa-

155 2281 295 2355 miliares
323 2280 487 2362 fuerant).
537 2280 645 2362 Atque
675 2278 762 2343 haud
791 2280 857 2342 scio
887 2300 929 2342 an
956 2283 1052 2345 etiam
1076 2281 1200 2347 Caelius
1223 2285 1335 2367 iniqua

153 2387 242 2452 fama
272 2407 351 2450 usus
383 2389 423 2451 sit
452 2391 581 2471 propter
604 2384 758 2450 Catilinae
790 2387 961 2450 amicitiam
989 2391 1207 2474 timueritque,
1240 2411 1281 2455 ne
1305 2397 1335 2455 et

53 2563 55 2566 .
152 2497 222 2579 ipse
242 2499 443 2558 accusaretur
462 2495 703 2575 coniurationis,
727 2495 843 2577 itaquo,
866 2495 1045 2578 periculum
1064 2517 1104 2560 ue
1124 2498 1251 2580 subiret,
1275 2500 1335 2562 iter

152 2603 189 2664 in
212 2601 358 2664 Africam
387 2603 553 2685 ingressus
584 2602 631 2666 sit.
680 2599 750 2676 Qua
783 2621 857 2666 cum
885 2606 1041 2667 sententia
1065 2607 1224 2686 convenit,
1249 2605 1335 2689 quod

154 2708 263 2792 paullo
297 2713 368 2791 post
398 2709 537 2772 reditum
570 2709 702 2772 crimine
733 2710 768 2770 iu
797 2709 976 2773 Antonium
1009 2712 1156 2792 collato⁸)
1190 2731 1336 2776 rumores

159 2815 307 2878 adversos
328 2815 492 2896 exstinxit,
511 2814 613 2880 famae
633 2814 835 2899 consuluit9).
874 2815 1034 2892 Quamdiu
1052 2821 1088 2882 iu
1102 2819 1211 2882 Africa
1229 2819 1333 2900 fuerit,

159 2941 223 2984 nou
250 2921 359 3004 liquet.
408 2919 469 2984 Sed
493 2941 567 2985 cunr
590 2923 785 2985 consuetudo
809 2922 916 3004 ferret,
947 2929 984 2986 ut
1005 2925 1177 3006 imperium
1200 2945 1334 3008 procon-

159 3029 261 3092 sulare
292 3048 438 3092 annuum
467 3034 549 3092 esset
560 3029 607 3113 1⁰),
639 3027 829 3111 Pompeium
861 3035 892 3091 et
925 3028 1067 3092 Caelium
1100 3049 1184 3094 auno
1209 3028 1333 3118 694J60

155 3155 220 3200 una
250 3174 292 3182 -
326 3136 378 3198 hio
409 3137 495 3198 euim
528 3135 764 3199 contubernalis
796 3135 843 3197 illi
875 3137 989 3216 eratss)
1019 3171 1060 3180 -
1089 3137 1222 3203 rediisse
1254 3138 1334 3201 mihi

247 3419 267 3486 ¹)
287 3433 379 3471 mense
397 3418 502 3472 Ianuar.
534 3418 624 3487 Lange
643 3417 692 3486 III,
713 3422 772 3473 257.
852 3418 873 3489 ²)
892 3419 926 3473 ib.
953 3422 1013 3475 258.

246 3506 268 3576 ³)
288 3520 336 3575 pro
356 3505 443 3560 Sestio
463 3511 487 3575 4,
507 3511 531 3560 9.
604 3507 627 3576 ⁴)
646 3507 741 3561 urum.
760 3508 796 3577 11,
817 3512 859 3564 26.
932 3510 954 3579 ⁵)
973 3509 1007 3563 ad
1025 3509 1087 3563 fam.
1108 3515 1132 3578 5,
1154 3514 1177 3565 1.
1197 3515 1222 3566 2.

247 3596 268 3664 ⁰)
288 3593 426 3664 Schwabe,
437 3597 541 3664 quaest.
553 3595 649 3650 Catull.
661 3613 686 3664 p.
698 3600 741 3665 64,
761 3597 922 3668 Pompeium
942 3615 1010 3654 anuo
1030 3598 1130 3670 692)62
1148 3599 1336 3669 proconsulem

153 3685 241 3738 fuisse
262 3683 295 3738 ob
313 3684 384 3738 huuc
403 3702 514 3740 oausam
533 3685 675 3740 contendit.

247 3773 269 3842 ⁷)
288 3773 381 3828 Drum.
402 3775 435 3842 V,
456 3779 515 3829 569.
544 3775 634 3844 Lange
653 3775 703 3843 ΠΙ,
723 3779 783 3830 258.
858 3778 879 3843 ⁸)
898 3793 923 3830 r.
943 3777 1020 3832 intra.

202 3895 204 3903 ν
246 3862 268 3932 ⁹)
288 3879 314 3930 p.
335 3862 405 3919 Cael.
425 3869 449 3933 7,
471 3869 512 3919 te.
605 3864 637 3933 ¹⁰)
656 3863 747 3933 Lange
765 3864 786 3932 I,
807 3867 880 3918 748ΙῚ

248 3951 281 4021 ¹²)
300 3968 326 4020 p.
346 3951 416 4006 Cael.
437 3956 479 4022 30,
494 3957 536 4008 73.
573 3951 686 4006 Porcell.
705 3952 771 4006 Lex.
797 3968 817 4006 s.
837 3969 863 4005 v.
884 3954 1094 4009 contubernalis:
1108 3957 1335 4026 ,magistratuum

149 4041 318 4096 militiarum
336 4041 365 4094 iu
382 4041 536 4110 provincias
555 4041 712 4095 abeuntium
731 4040 843 4094 comites
863 4041 1076 4110 adiungebautur
1094 4059 1129 4096 ex
1145 4060 1219 4099 more
1235 4045 1335 4099 Rorna-

148 4148 268 4200 norum,
289 4132 442 4184 senatorum
460 4129 524 4199 filii,
551 4131 598 4198 qui
617 4130 650 4184 ab
668 4130 702 4182 iis
722 4132 781 4182 tum
801 4128 945 4182 militarem
961 4129 1142 4200 disciplinam,
1160 4134 1219 4186 tum
1238 4134 1334 4204 guber·

150 4220 241 4276 nandi
260 4221 331 4274 artes
351 4220 492 4274 discerent.
512 4218 542 4271 hi
566 4235 671 4287 quoque
692 4217 894 4280 contubernales
914 4218 993 4286 dieti,
1008 4221 1078 4286 quod
1093 4221 1125 4274 ab
1145 4237 1236 4276 eornm
1252 4222 1336 4278 latero

149 4324 307 4378 numquam
327 4308 511 4362 discederent.
1105 4323 1106 4327 ¹
