3182 4908
657 347 871 408 ...5-

167 527 268 590 Plinii
292 526 377 589 euim
400 523 517 602 verbis,
541 541 622 606 quae
642 523 745 587 allatis
763 523 828 586 illis
844 524 992 606 proxima
1005 522 1199 586 antecedunt
1213 526 1245 587 et
1260 541 1342 605 quae

166 638 357 717 sequuntur,
380 630 579 711 adducimur,
603 635 639 693 ut
662 629 816 694 Carbonis
840 629 1026 693 consulatus
1050 627 1088 692 ab
1122 649 1159 694 eo
1192 629 1341 694 confusos

167 759 245 806 esse·
261 745 449 804 statuamus,
495 736 638 821 Exponit
662 741 768 801 autem
791 737 848 800 illo
871 737 942 800 loco
975 736 1141 800 scientiam
1174 737 1341 801 sideralem

167 866 234 910 non
256 851 382 910 tantum
400 844 516 925 valere,
535 849 572 907 ut
589 846 674 908 ritae
688 844 828 907 hominis
843 844 982 928 spatium
997 847 1144 906 accurate
1159 844 1341 927 praedicere

165 955 273 1038 possit,
297 973 371 1016 cum
394 956 519 1035 praeter
546 951 624 1015 alias
657 969 768 1014 causas
800 949 999 1013 mortalitatis
1031 950 1245 1014 inconstantia
1275 952 1341 1013 vim

165 1062 317 1124 scientiae
341 1058 515 1123 deminuat.
560 1057 654 1120 illam
686 1061 833 1140 expertos
866 1075 935 1121 esse
956 1054 1127 1120 Hectorem
1150 1062 1182 1120 et
1204 1056 1342 1138 Polyda·

165 1171 317 1244 mantem,
343 1185 423 1249 quos
448 1165 577 1249 quidem
602 1164 747 1227 diversae
770 1164 864 1226 sortis
886 1164 972 1226 viros
996 1162 1107 1227 eadem
1130 1168 1225 1227 nocte
1248 1169 1340 1227 natos

163 1293 234 1338 esse
256 1273 418 1338 Homerus
441 1271 616 1336 tradiderit.
662 1269 744 1333 Item
767 1269 810 1332 M.
835 1269 978 1334 Caelium
1000 1268 1119 1333 Rufum
1145 1274 1177 1333 et
1200 1268 1232 1333 0.
1256 1269 1339 1334 Lici-

164 1381 255 1443 nium
267 1377 411 1462 Calvum,
429 1379 575 1442 homines
594 1375 704 1441 eadem
728 1377 779 1440 die
802 1377 936 1460 genitos,
960 1375 1118 1458 disparem
1136 1377 1222 1440 vitae
1245 1395 1339 1441 even·

162 1491 233 1549 tum
256 1485 413 1550 habuisse.
461 1484 570 1568 Pergit
593 1483 708 1548 deinde
731 1483 832 1548 hisce:
876 1483 945 1564 ,hoc
978 1482 1074 1546 etiam
1104 1483 1220 1547 iisdem
1252 1484 1339 1547 horis

164 1593 370 1657 nascentibus
393 1594 428 1654 in
451 1595 517 1655 toto
549 1590 670 1655 mundo
700 1590 814 1654 cotidie
845 1591 966 1671 evenit,
997 1590 1117 1672 pariter
1149 1590 1270 1654 domini
1302 1610 1339 1654 ac

161 1700 249 1763 servi
271 1700 457 1782 gignuntur,
480 1715 571 1780 reges
595 1701 625 1760 et
647 1697 775 1780 inopes‘
823 1695 892 1772 Quo
921 1715 963 1760 ex
991 1694 1163 1761 verborum
1186 1702 1339 1761 contextu

163 1807 243 1869 satis
266 1806 393 1869 elucere
414 1805 494 1867 mihi
516 1805 646 1867 videtur
668 1802 738 1866 fieri
759 1823 825 1867 non
847 1805 998 1888 potuisse,
1020 1808 1058 1866 ut
1080 1802 1206 1868 Plinius
1221 1803 1261 1868 de
1275 1805 1338 1868 alio

163 1912 304 1994 quodam
327 1912 456 1975 homine
480 1912 623 1995 cogitans
639 1907 781 1973 Caelium
804 1912 984 1974 nominaret
992 1911 1024 1990 ²).
1071 1909 1184 1993 Itaque
1207 1929 1338 1994 persua·

162 2037 236 2082 sum
252 2018 410 2082 habemus
424 2019 610 2102 scriptorem
620 2005 774 2080 Carbonis
798 2016 837 2082 de
860 2017 1081 2082 considatibus
1104 2018 1162 2082 tali
1178 2019 1212 2080 in
1231 2037 1338 2083 errore

164 2130 328 2190 versatum
361 2143 442 2206 esse,
474 2129 511 2189 ut
543 2122 717 2188 tenendum
749 2125 790 2188 sit
822 2121 965 2188 Caelium
997 2129 1028 2189 et
1060 2124 1195 2189 Calvum
1227 2125 1337 2190 eadem

161 2231 293 2314 quidem
325 2231 377 2294 die
408 2238 500 2295 natos
532 2249 615 2312 esse,
644 2229 702 2295 s'ed
728 2230 821 2294 illum
854 2230 888 2294 L.
913 2230 1015 2296 Cinna
1037 2231 1089 2296 111
1112 2231 1167 2295 On.
1193 2231 1337 2298 Carbone

159 2357 239 2402 coss.
273 2334 407 2424 669s85,
439 2338 526 2401 hunc
558 2336 590 2411 Ο.
623 2336 725 2401 Mario
758 2336 813 2400 Cn.
848 2336 992 2403 Carbone
1019 2339 1070 2403 111
1097 2359 1176 2403 coss.
1200 2336 1335 2426 trajan.

162 2442 233 2519 Qua
256 2465 332 2509 cum
355 2446 512 2508 sententia
535 2450 566 2508 ct
588 2464 638 2526 ea,
671 2463 754 2527 quae
782 2445 822 2510 de
846 2444 945 2509 Caelii
975 2446 1165 2510 muneribus
1197 2447 1334 2530 publicis

158 2553 334 2616 memoriae
356 2552 482 2636 prodita
505 2552 627 2636 sunt²)',
650 2552 733 2616 bene
757 2558 947 2637 congruunt,
971 2558 1002 2618 et
1024 2555 1101 2618 satis
1119 2553 1221 2618 multa
1240 2555 1279 2619 de
1297 2575 1333 2620 eo

157 2664 320 2741 comperta
343 2658 507 2740 habemus,
531 2678 614 2742 quae
636 2660 745 2723 minus
777 2665 850 2744 apte
882 2661 1101 2744 explicantur,
1135 2662 1163 2724 si
1185 2661 1334 2746 'priorem

158 2783 279 2827 annum
310 2765 449 2829 natalem
478 2770 634 2830 tenemus.
681 2764 857 2841 Quaestum
890 2769 976 2831 enim
1007 2787 1074 2831 non
1106 2772 1180 2834 aute
1211 2789 1333 2834 annum

158 2866 284 2954 699lbb
302 2870 434 2964 functus
449 2876 511 2948 est;
536 2873 633 2936 ceteri
651 2891 726 2936 vero
741 2875 945 2958 magistratus
964 2894 1022 2938 suo
1042 2875 1152 2939 ordine
1171 2875 1332 2942 subsecuti

157 2981 243 3040 sunt.
307 2975 391 3039 Nam
434 2978 534 3059 quod,
574 2970 747 3072 antequam
780 2981 1062 3065 quadragesimum
1094 2983 1179 3046 vitae
1206 3003 1332 3048 annum

157 3083 237 3164 iniit,
260 3088 386 3166 praetor
408 3089 533 3148 creatus
557 3089 613 3166 est,
635 3087 742 3168 neque
764 3087 849 3150 inter
871 3088 1065 3152 aedilitatem
1087 3094 1119 3152 et
1149 3096 1332 3174 praeturam

156 3190 228 3253 eius
252 3191 370 3280 iustum
394 3192 532 3276 spatium
556 3191 746 3256 muneribus
768 3192 908 3279 publicis
931 3214 1071 3258 vacuum
1093 3195 1253 3280 interfuit,
1284 3201 1332 3263 rei

155 3296 304 3379 publicae
328 3302 360 3361 et
384 3297 473 3362 urbis
496 3298 552 3361 illo
576 3303 717 3383 tempore
741 3300 930 3364 condicione
953 3306 985 3365 et
1007 3301 1234 3384 familiaritate,
1268 3325 1330 3387 qua

155 3423 241 3470 cum.
255 3405 447 3488 imperatore
470 3408 662 3472 coniunctus
691 3395 771 3489 erat,
804 3409 881 3471 satis
913 3413 1095 3472 excusatur.
1140 3408 1265 3476 Deinde
1289 3430 1330 3475 ex

155 3511 211 3592 iis,
228 3530 310 3594 quae
335 3511 444 3578 Cicero
469 3493 554 3578 anuo
578 3510 701 3601 698sbd
725 3535 782 3600 pro
807 3513 913 3579 Caelio
945 3515 1073 3580 locutus
1106 3522 1168 3600 est,
1201 3525 1330 3603 apparet

249 3827 269 3894 ¹)
288 3827 388 3882 Eadem
407 3833 449 3884 est
468 3832 603 3886 sententia
620 3831 813 3903 Wegehauptii
832 3833 867 3904 (p.
888 3834 924 3904 6),
944 3835 990 3904 qui
1008 3837 1098 3892 tamen
1116 3838 1193 3906 putat
1211 3836 1329 3891 Plinium

153 3915 182 3967 in
201 3914 327 3984 fontibus
348 3933 382 3971 ex
401 3920 499 3988 quibus
512 3921 643 3990 hauserit,
657 3921 739 3977 Caelii
749 3923 892 3978 cuiusdam
901 3939 1000 3978 nomen
1008 3925 1086 3980 iaxta
1096 3925 1172 3981 Calvi
1181 3925 1327 3994 invenisse,

153 4004 204 4057 sed
218 4005 250 4058 de
271 4004 298 4060 O.
314 4005 402 4060 Caelio
421 4008 502 4064 Caldo
520 4025 578 4064 rem
598 4026 666 4080 esse,
686 4011 733 4082 qni
746 4028 814 4066 anno
828 4013 928 4085 rosseo
948 4016 1074 4082 quaestor
1091 4015 1145 4068 tuit
1162 4016 1190 4068 et
1208 4013 1339 4068 Ciceroni

154 4092 184 4144 in
203 4092 297 4147 Cilicia
314 4097 446 4151 successit
465 4098 510 4168 (ad
527 4101 589 4154 fam.
609 4105 634 4170 2,
656 4106 697 4170 15,
717 4106 741 4156 4.
761 4102 795 4158 ad
813 4101 870 4158 nn.
890 4106 914 4170 6,
935 4107 960 4171 6,
977 4109 1002 4157 3.
1022 4104 1148 4172 saepiam).
1187 4103 1237 4157 Sed
1264 4119 1327 4157 eum

154 4179 259 4234 Plinius
278 4182 399 4239 deuotis
418 4188 566 4243 oratoribus
585 4193 655 4260 agat,
680 4190 785 4246 Caelius
809 4189 908 4246 Caldus
932 4194 1024 4246 autem
1047 4193 1192 4248 oratoriam
1218 4192 1327 4246 laudem

154 4268 268 4336 adeptus
285 4286 339 4325 non
357 4273 399 4342 sit,
419 4275 634 4346 Wegehauptins
654 4280 760 4334 erravit.

244 4357 265 4428 ¹)
285 4359 339 4416 Suo
359 4363 417 4418 loco
436 4363 543 4435 singula
561 4367 754 4436 explanabims.
