3182 4908
676 249 896 310 ,33-

195 426 260 488 lam
297 427 425 505 misitl)
483 423 546 488 Sed
584 425 793 488 nihilominus
830 443 904 488 eum
944 426 1077 488 minime
1111 426 1298 508 diligentem
1329 427 1371 490 ad

195 533 318 596 litteras
341 532 525 614 scribendas
562 533 661 596 fuisse
694 535 725 596 et
760 533 829 615 ipse
866 532 1024 613 facturr),
1061 536 1093 617 et
1124 533 1201 596 inde
1234 539 1372 617 apparet,

197 640 297 722 quod,
331 641 474 721 quaein
497 637 576 702 urbe
600 643 669 702 acta
692 643 781 719 sunt,
812 656 869 722 per
899 637 1102 718 Chrestnmil
1136 639 1273 704 scribam
1297 660 1371 704 eon-

197 747 339 829 scripsit‚
368 747 478 829 itaque
500 747 639 829 plures4)
669 764 778 808 rerum
804 744 1001 808 urbanarum
1030 749 1274 812 commentarios
1298 767 1372 810 con-

196 851 280 932 fecit,
304 869 442 934 quorum
464 854 605 936 primum
637 871 712 916 oum
739 852 841 935 prima
869 851 1006 934 epistula
1029 852 1070 915 ad
1094 851 1279 917 Ciceronem
1301 874 1372 938 per-

197 958 273 1024 ferri
296 959 461 1038 curavit.⁵)
507 958 658 1022 Attamen
680 959 848 1042 pollicetur
872 977 905 1020 se
928 959 1041 1041 ipsum·
1059 978 1097 1023 ea
1118 961 1372 1044 perscripturum

138 1065 140 1070 ’
198 1084 279 1146 esse,
314 1084 396 1148 quae
428 1065 479 1128 vel
512 1065 552 1128 ad
583 1065 693 1128 futura
724 1067 919 1148 pertineant,
950 1064 1004 1128 vel
1035 1066 1157 1129 maiora
1189 1067 1372 1149 acciderint7

197 1193 294 1256 quam
325 1192 406 1255 quae
430 1173 592 1256 operarius
622 1173 683 1234 iste
714 1173 864 1254 persequi
887 1175 1001 1254 posset
1049 1171 1160 1236 Cicero
1183 1173 1288 1236 allatis
1311 1174 1373 1237 sibi

197 1280 312 1343 litteris
345 1282 452 1343 stetim
483 1279 690 1362 responditil,
727 1280 860 1342 nimiam
893 1277 1024 1361 quidem
1057 1277 1156 1342 Caelii
1189 1298 1300 1342 curam
1332 1280 1372 1343 do

197 1387 293 1450 rebus
321 1388 456 1450 minime
479 1405 517 1450 ea
540 1386 647 1468 dignis
670 1386 864 1469 vituperans,
888 1385 944 1448 sed
968 1385 1168 1469 diligentiam
1186 1385 1373 1450 collaudans

197 1511 338 1575 eumque
362 1493 537 1575 obtestante,
571 1497 617 1574 ut,
645 1511 727 1574 quae
753 1492 862 1555 futura
885 1495 999 1574 essent,
1021 1493 1163 1556 maxime
1193 1493 1374 1576 provideret

198 1599 520 1680 commendatumque
552 1599 754 1681 potissimum
783 1599 929 1680 haberet,
964 1618 1006 1662 ne
1033 1601 1218 1682 provinciae
1246 1603 1373 1684 tempus

197 1709 429 1788 prorogaretur.
480 1703 573 1780 Quod
597 1705 728 1788 quidem
750 1710 858 1770 tantae
881 1707 911 1770 ei
937 1706 1000 1769 fuit
1023 1707 1164 1788 curaell,
1190 1711 1227 1770 ut
1257 1709 1374 1770 iterum

200 1814 297 1893 atque
325 1813 442 1875 iterum
476 1813 619 1875 eiusdem
648 1813 694 1875 rei
726 1815 918 1876 mentionem
950 1813 1055 1876 facere
1075 1832 1142 1875 non
1166 1813 1337 1878 desisteret.
1349 1817 1374 1894 8)

195 1915 284 1980 Cum
309 1923 416 1982 autem
441 1917 565 1982 Caelius
587 1921 653 1983 iam
677 1919 841 2001 dubitaret,
875 1925 984 1983 utrum
1007 1938 1081 1982 cum
1105 1917 1256 1984 Cicerone
1279 1920 1374 1984 Pom-

199 2025 310 2106 peium
329 2043 371 2087 an
381 2023 547 2089 Caesarem
565 2027 635 2089 sine
655 2045 691 2090 eo
711 2033 897 2109 sequeretur
907 2026 942 2112 9),
961 2025 1151 2090 admonetur
1168 2026 1232 2089 illis
1250 2027 1374 2109 litteris„

198 2149 239 2194 ne
263 2151 282 2194 a
305 2130 446 2214 Pompei,
470 2132 549 2195 civis
568 2133 696 2216 egregii,
719 2133 865 2216 partibus
884 2133 1017 2196 deficiat.
1054 2131 1137 2196 Data
1156 2138 1203 2196 est
1213 2131 1375 2196 Ciceronis

199 2237 338 2321 epistula
366 2239 499 2302 Athenis
521 2239 625 2322 pridie
647 2238 757 2304 Nonas
782 2238 968 2316 Quinctiles,
1221 2323 1222 2327 Ἰ

288 2344 403 2408 Paullo
426 2351 498 2429 post
529 2347 668 2429 primam
690 2346 815 2412 Caelius
848 2349 979 2410 alteram
1002 2352 1033 2411 et
1055 2348 1182 2411 tertiam
1205 2347 1375 2430 epistulam

200 2435 313 2533 misits
331 2471 469 2535 quorum
492 2455 592 2536 priori
613 2473 736 2518 novum
758 2473 868 2532 rerum
890 2454 1088 2518 urbanarum
1112 2455 1375 2517 commentarium

199 2558 326 2624 addidit
337 2560 384 2639 10).
432 2556 586 2644 Coeperat
618 2559 810 2624 aedilitatem
842 2567 949 2645 petere
977 2580 1052 2624 cum
1075 2559 1200 2624 duobus
1224 2562 1375 2644 competi·

199 2663 330 2741 toribus,
353 2665 396 2728 M.
427 2665 560 2730 Octavio
583 2671 614 2730 et
638 2665 670 2729 C.
694 2647 816 2750 Hirrop
839 2669 949 2751 itaque
972 2670 1078 2732 animo
1101 2669 1196 2732 ludos
1218 2669 1282 2730 iam
1306 2667 1374 2729 vol-

201 2768 303 2832 vebat.
337 2759 441 2844 Quare
464 2774 576 2854 petivit
594 2793 613 2836 a
632 2771 794 2855 Cicerone,
817 2763 855 2837 ut
877 2775 1048 2856 pantheras
1067 2775 1130 2838 sibi
1148 2793 1189 2838 ex
1208 2774 1375 2857 provincia

200 2877 340 2938 mitteret
363 2877 642 2960 syngraphamqne
666 2877 752 2942 Sittii
774 2881 942 2944 cuiusdam
965 2884 1117 2964 exigeret.
1163 2879 1227 2944 Sed
1250 2884 1376 2944 utrum·

202 3001 264 3066 que
304 2983 470 3066 negotium
507 2981 666 3066 Ciceroni,
700 2987 756 3068 qui
792 2988 993 3068 proconsulis
1041 2988 1221 3052 innocentis
1256 2987 1376 3049 famam

201 3108 328 3154 servare
352 3088 563 3170 studebatss),
595 3090 766 3154 molestum
787 3091 867 3175 fuir,
898 3099 935 3156 nt
962 3093 1089 3157 silentio
1113 3095 1207 3156 eain
1232 3093 1377 3176 epistulis

201 3196 242 3260 ad
266 3195 409 3259 Caelium
432 3196 538 3260 missis
560 3198 754 3279 praeteriret
799 3197 863 3262 Hic
891 3219 967 3263 vero
996 3218 1106 3284 preces
1133 3218 1239 3282 usque
1261 3201 1376 3282 repeti·

199 3304 302 3384 vite),
338 3307 376 3367 ut
410 3301 464 3366 ille
495 3302 625 3366 tandem
663 3303 852 3369 rescriberet
886 3325 1005 3390 paucas
1041 3311 1168 3370 tautum
1196 3307 1232 3368 in
1265 3305 1377 3369 Cilicia

199 3411 369 3492 pantheras
396 3428 466 3474 esse
490 3429 608 3493 casque
631 3411 666 3473 in
690 3409 816 3475 Cariam
839 3415 1064 3497 migraturas,
1093 3418 1130 3476 ut
1152 3418 1240 3477 tutae
1264 3413 1303 3476 ab
1327 3414 1391 3476 ins

199 3656 412 3669 -ᾗ

292 3833 313 3901 1)
333 3833 487 3904 adsume,
510 3840 532 3904 1,
553 3839 578 3891 2.
598 3841 623 3891 4.
697 3836 718 3906 ²)
737 3837 852 3906 ib.§1.
925 3838 947 3908 ⁸)
966 3839 1080 3911 adplam.
1100 3843 1125 3909 2,
1144 3844 1169 3907 8,
1190 3844 1214 3894 1.

289 3922 313 3991 ⁴)
340 3921 375 3976 ib.
404 3926 430 3986 8,
449 3927 474 3986 2,
498 3928 522 3978 2.
562 3930 603 3994 11,
623 3931 648 3980 4.
674 3941 715 3994 ep.
737 3931 767 3980 11
798 3943 906 3996 quoque
933 3928 1144 3982 commentarius
1174 3929 1297 3984 adiectus
1325 3929 1375 3981 est.

290 4011 311 4081 r)
331 4010 412 4079 rue,
435 4015 457 4081 1,
479 4018 501 4066 1.
540 4017 564 4082 a,
584 4018 609 4082 a,
632 4020 655 4069 1.
728 4016 904 4082 δώῃ..
1004 4035 1005 4040 ,
1141 4023 1143 4028 ’

291 4101 313 4169 ⁷)
333 4101 366 4154 cl.
385 4117 410 4167 p.
431 4102 466 4153 32
483 4104 550 4155 nt.
624 4103 931 4174 ⁸)adlam.2,:10‚4.
962 4111 1047 4170 11,1.
1120 4105 1314 4176 ι’)11).8,1,3.

274 4187 405 4258 10)11).8,
426 4191 495 4257 aa.
569 4190 602 4259 11)
622 4191 656 4244 au
675 4193 731 4248 att.
752 4198 776 4260 5,
796 4197 839 4262 ar,
858 4200 888 4249 o:
921 4199 947 4264 c,
968 4199 991 4264 1,
1011 4199 1052 4248 21.

273 4276 306 4346 ῃ)
324 4277 359 4331 ad
376 4277 439 4332 fam.
458 4281 483 4346 8,
503 4281 528 4346 4,
549 4281 573 4334 5.
592 4283 617 4346 6,
638 4285 661 4334 t.
681 4285 706 4348 8,
729 4284 769 4336 10.
788 4286 813 4352 9,
833 4288 857 4338 3.
1162 4359 1179 4408 3
