3182 4908
749 288 947 352 ..6.-

259 485 335 530 eum
354 470 423 530 tum
443 485 566 531 annum
584 466 782 532 uicesimum
800 465 946 532 nondum
965 467 1100 529 intrasse
1109 464 1140 548 ¹).
1173 464 1274 536 Porro
1297 471 1433 548 tempus,

260 592 317 656 per
341 573 428 656 quod
440 571 565 638 Caelius
577 570 736 637 Ciceronis
755 573 790 634 in
810 572 1043 638 consuetudine
1062 573 1223 637 cotidiana
1241 572 1304 636 luit
1321 572 1433 635 limus·

261 698 324 763 que
347 680 518 763 disciplina
540 698 622 746 usus
644 683 700 754 est
723 679 820 742 nimis
844 678 996 760 extendit,
1012 681 1068 762 qui
1083 684 1157 744 ente
1171 698 1293 754 annum
1308 675 1432 760 669l85

259 787 353 850 illum
384 792 495 851 natum
521 804 591 852 esse
622 786 719 868 ponit.
766 784 880 848 Paullo
914 787 999 848 enim
1031 791 1103 869 post
1134 791 1293 868 sumptam
1326 789 1432 868 togam

259 894 387 958 virilem
410 893 451 958 ad
475 901 563 958 eum‘
582 890 773 974 deductus2)
803 910 860 988 per
901 896 1051 974 quattrmr
1084 893 1269 975 quinqueve
1301 890 1433 974 annos³)

260 1020 336 1064 oum
359 1004 563 1084 praeceptore
581 1003 727 1064 versabas
746 1003 803 1077 est,
823 1018 1020 1083 quamquam
1033 1001 1098 1066 iam
1114 1000 1278 1084 superiore
1292 991 1433 1081 tempore

259 1126 347 1171 unus
366 1125 470 1172 annus
490 1106 528 1170 ad
549 1105 764 1174 cohibendum
782 1105 967 1172 bracchium
985 1111 1060 1190 toga
1078 1107 1271 1170 constitutus
1290 1105 1432 1186 luerat4).

157 1205 161 1220 '
259 1213 402 1278 Tacitum
413 1212 437 1296 ὅ)
461 1205 603 1296 denique
626 1217 738 1279 testem
762 1211 917 1276 habemus
941 1213 1196 1278 adulescentium
1220 1213 1433 1278 eruditionem

260 1319 368 1404 paullo
391 1324 463 1402 post
486 1321 677 1386 vicesimum
700 1319 792 1383 vitae
810 1337 930 1385 annum
954 1321 1075 1384 finitam
1102 1319 1210 1382 fuisse.
1256 1318 1327 1384 Iam
1358 1320 1434 1392 satis

262 1427 496 1492 demonstrasse
518 1426 597 1490 mihi
619 1425 731 1491 videor
753 1425 835 1491 nihil
859 1425 996 1507 obstare,
1022 1428 1195 1509 quominus
1217 1424 1433 1494 annoeeeleo

261 1532 405 1598 (laelium
437 1537 546 1598 natum
581 1551 650 1596 esse
683 1532 927 1613 contendente,
959 1551 1064 1615 neque
1096 1551 1169 1596 eum
1200 1532 1434 1616 Wegehauptio

259 1640 425 1722 faciamus,
457 1641 514 1723 qui
537 1639 669 1704 abiectis
700 1643 846 1722 veterum
877 1639 1067 1703 testimoniis
1105 1641 1243 1704 triennio
1280 1641 1435 1704 maiorem

261 1767 335 1812 eum
357 1747 457 1812 fuisse
481 1745 543 1810 sibi
565 1745 763 1832 persuasam).

351 1975 523 2042 Suboritur
540 1997 635 2061 porro
657 1978 800 2061 quaestio
821 1976 969 2058 difficilis,
989 1995 1072 2059 quae
1091 1976 1192 2042 Caelii
1210 1978 1313 2060 patria
1330 1975 1436 2058 fuerit,

262 2085 301 2148 de
325 2103 389 2167 qua
412 2085 698 2148 nostramemoria
719 2084 859 2147 multum
882 2085 964 2147 inter
986 2085 1073 2147 viros
1098 2084 1206 2148 doctos
1225 2083 1436 2167 disceptatum

262 2197 317 2256 est.
364 2189 467 2255 Causa
496 2178 602 2255 autem
632 2192 711 2255 haee
740 2197 796 2254 est.
842 2189 882 2253 In
912 2188 1075 2254 Ciceronis
1102 2209 1159 2274 pro
1189 2189 1295 2254 Caelio
1327 2190 1437 2254 habita

262 2284 533 2379 oratione⁷)‘olim
551 2297 729 2381 legebatur:
756 2317 838 2378 ,uam
859 2296 945 2378 quod
964 2302 1011 2359 est
1030 2296 1198 2379 obiectum,
1217 2295 1436 2381 municipibus

262 2423 331 2469 esse
356 2404 592 2470 adulescentem
620 2423 686 2467 non
714 2403 883 2487 probatum
907 2404 988 2466 suis:
1021 2404 1142 2466 nemini
1165 2423 1320 2487 umquam
1345 2423 1436 2487 prae-

262 2512 345 2575 senti
384 2509 554 2574 Puteolani
591 2511 728 2574 maiores
764 2510 901 2573 honores
939 2509 1135 2591 habuerunt,
1174 2529 1271 2594 quam
1310 2510 1436 2574 absenti

262 2617 304 2685 M.
329 2616 452 2683 Caelio}
497 2618 577 2681 Inde
603 2616 746 2682 Puteolis
779 2635 854 2679 eum
884 2623 997 2680 natum
1030 2635 1098 2681 esse
1130 2635 1240 2680 omnes
1272 2623 1436 2701 putarunt

264 2724 451 2806 ,Puteolani‘
475 2724 668 2788 vocabulum
698 2730 804 2788 autem
832 2743 898 2790 non
925 2725 1092 2787 invenitur
1119 2725 1153 2786 in
1177 2724 1355 2806 codicibus,
1380 2726 1436 2806 qui

264 2829 444 2895 anlianam
469 2833 646 2913 continent,
672 2850 822 2913 quorum,
852 2833 908 2915 qui
938 2833 1076 2916 optimus
1106 2837 1138 2895 et
1160 2831 1403 2913 antiquissimus
1412 2829 1437 2913 8)

263 2943 323 3020 est,
354 2938 520 3002 Parisinus
554 2941 650 3020 7794,
689 2939 897 3032 ,praetoriani
930 2939 1075 3023 praebet,
1113 2936 1168 3001 sed
1196 2933 1333 3018 syllabas
1358 2938 1438 3018 ,tori‘

263 3066 363 3109 manu
381 3046 524 3109 seeundo
541 3047 577 3108 in
594 3045 747 3128 maurel),
772 3065 870 3129 quare
889 3046 993 3110 Aldus
1012 3065 1030 3110 6
1049 3043 1437 3126 6661661666,Ρ61661661ι

354 3241 374 3310 1)
394 3241 426 3312 ef.
447 3244 542 3309 aas.
562 3245 640 3310 4,1o.
654 3244 693 3293 11.
714 3245 737 3310 o,
750 3243 790 3293 12.
813 3242 960 3309 12,28.30.
983 3243 1023 3306 15,
1037 3243 1079 3292 35.
1101 3242 1143 3306 19,
1154 3242 1196 3292 47.
1217 3242 1259 3306 36,
1270 3243 1312 3292 73.
1331 3242 1375 3305 31,
1388 3241 1437 3305 τε),

264 3345 298 3382 ne
316 3328 408 3382 videar
426 3345 537 3398 errasse,
557 3345 651 3384 moneo
670 3345 714 3382 me
731 3330 766 3384 ad
784 3345 848 3384 suos
867 3343 950 3382 annos
969 3327 1088 3398 singulos
1110 3327 1185 3380 locos
1203 3324 1338 3394 redegisse
1351 3339 1439 3391 neque

265 3418 299 3471 ad
317 3433 419 3471 annum
442 3418 541 3488 cessae
560 3416 707 3486 rettulisse,
731 3433 800 3486 quae
827 3417 862 3471 ad
880 3415 1032 3485 superiores
1050 3417 1193 3484 pertinent.
1229 3413 1270 3468 De
1298 3414 1340 3481 iis,
1369 3429 1439 3481 quae

263 3506 392 3575 leguntur
401 3522 426 3574 p.
436 3505 505 3561 Cael.
517 3511 541 3574 7,
553 3511 595 3574 18,
609 3521 730 3575 quaeque
743 3504 806 3560 huic
821 3506 967 3559 sententiae
980 3505 1085 3560 obstare
1095 3505 1231 3572 videntur,
1240 3503 1332 3557 nostra
1343 3502 1439 3556 affere-

267 3609 336 3664 1666,
356 3595 461 3662 quando
481 3594 513 3648 de
533 3595 616 3649 (laelii
634 3594 780 3649 honoribus
799 3610 917 3664 agemus.
1031 3601 1033 3605 ’

357 3683 378 3752 ⁹)
397 3700 422 3752 p.
443 3683 513 3739 Cael.
534 3689 558 3738 4.
570 3689 594 3738 9.
677 3684 752 3754 ³)ib.
776 3688 816 3737 10.
889 3685 911 3753 ⁴)
931 3684 966 3738 ib.
988 3689 1011 3751 5,
1033 3688 1073 3736 11.

356 3773 379 3843 ⁵)
398 3772 461 3828 dial.
480 3775 513 3832 de
532 3776 599 3830 orat.
619 3791 641 3828 c.
660 3777 703 3828 34.
777 3773 799 3841 ⁰)
817 3771 873 3834 l.-l.
891 3790 916 3841 p.
937 3777 952 3828 4
972 3788 1011 3840 sq.
1086 3771 1108 3838 ²)
1127 3775 1152 3838 2,
1173 3777 1196 3826 6.

356 3863 377 3930 ⁸)
395 3862 486 3931 Halm,
504 3863 631 3932 Interpol.
650 3864 686 3918 in.
706 3863 755 3918 eic.
774 3861 874 3930 Reden,
897 3862 966 3916 Mus.
986 3861 1073 3916 Rhen.
1093 3865 1118 3930 9,
1137 3864 1189 3916 323
1209 3876 1248 3930 sq.
1286 3860 1440 3929 Wrampel-

266 3967 368 4021 meyer,
387 3952 447 4006 libr.
467 3967 531 4006 mss.
551 3951 598 4022 qui
616 3951 671 4006 Oia.
692 3967 730 4006 or.
749 3968 797 4020 pro
816 3951 885 4008 sest.
905 3955 932 4005 et
951 3967 999 4020 pro
1014 3951 1085 4006 Cael.
1105 3951 1243 4005 continent
1260 3951 1329 4004 ratio
1348 3949 1440 4018 qualis

267 4041 309 4111 sit,
330 4041 403 4098 aaa.
422 4045 499 4109 1868,
517 4057 544 4110 p.
565 4044 589 4094 4.
609 4039 725 4111 Oetttng,
743 4041 789 4098 lib.
802 4057 867 4098 mss.
888 4042 935 4111 qui
955 4040 1007 4096 Cio.
1028 4056 1064 4094 or.
1083 4056 1109 4108 p.
1130 4039 1202 4096 (lael.
1222 4040 1356 4094 continent
1375 4055 1440 4094 oon·

268 4131 338 4188 dicio
357 4134 418 4199 ata,
438 4130 509 4185 Gott.
532 4135 608 4198 1868,
627 4147 652 4199 p.
668 4135 691 4184 1.

356 4220 378 4290 ⁰)
399 4219 468 4275 Oetl.
481 4237 507 4289 p.
520 4225 565 4273 11:
584 4219 615 4276 P.
628 4218 740 4273 exhibet
752 4218 941 4287 ,praetoriani‘‚
956 4219 1004 4272 sed
1018 4217 1138 4286 syllabae
1148 4218 1218 4286 ‚tori‘
1228 4233 1311 4272 manu
1320 4215 1441 4272 secunda

267 4311 295 4365 in
309 4325 405 4366 rasura
418 4310 533 4379 scriptae
548 4311 620 4364 sunt.
633 4307 808 4377 Wrampelm.
819 4325 845 4377 p.
857 4314 885 4364 b:
905 4307 939 4362 Pl
950 4307 972 4362 G
992 4308 1177 4376 ‚praetoriani‘,
1196 4307 1244 4362 sed
1257 4306 1291 4360 pr
1299 4306 1328 4358 in
1337 4319 1440 4359 rasura.
