3182 4908
757 245 977 307 ..32-

281 441 353 504 sint.
399 440 439 502 In
463 458 569 504 errore
592 441 691 523 igitur
713 441 830 502 versati
855 443 938 521 sunt,
959 439 1016 521 qui
1030 443 1186 521 putarunt
1204 439 1319 502 dictam
1340 460 1358 502 a
1379 438 1454 502 Cae·
1509 438 1511 514 ζ

280 547 324 609 lio
348 565 417 610 esse
441 566 570 610 oausam
593 545 738 609 veneficii
761 546 796 607 in
821 544 1029 630 Calpurnium
1055 545 1206 628 Bestiam,
1229 551 1284 609 aut
1306 545 1343 610 D.
1356 565 1454 629 quen·
1511 554 1513 620 ζ

282 653 355 716 dam
378 651 525 716 Laelium
546 653 743 737 postulatum
767 651 806 715 ab
830 670 867 715 eo
892 669 969 714 esse.
984 652 1007 729 1)
1030 651 1083 713 llli
1098 653 1182 715 enim
1198 651 1455 732 Ruhnkeniuma
1513 672 1515 738 ζ

281 761 383 824 secuti
416 767 500 841 sunt,
526 761 582 842 qni
611 760 764 822 traditum
788 779 806 833 a
830 757 935 820 Plinio
964 775 1081 820 nomen
1114 755 1286 838 ,Caecilius‘
1321 762 1458 848 mutavit
1515 791 1516 800 .

281 867 316 928 in
340 865 492 947 Caelius,
519 867 553 929 hi
581 873 688 930 autem
712 867 857 930 nitentur
874 862 981 927 verbis
1005 863 1198 948 quibusdam
1222 863 1412 940 Quintiliani
1423 869 1457 946 ⁸),
1517 906 1518 945 ,

284 974 342 1055 qui
371 973 501 1036 tradidit
535 971 677 1037 Caelium
708 974 852 1036 locutum
886 990 954 1034 esse
984 970 1023 1034 de
1055 970 1093 1033 D.
1122 970 1222 1036 Laelii
1253 972 1459 1055 collegaeque
1518 966 1520 1058 ’,

285 1082 355 1144 cius
386 1081 422 1142 in
445 1082 646 1164 provinciam
672 1080 884 1144 festinatione.
936 1075 984 1142 Dc
1007 1077 1192 1142 Ruhnkenii
1214 1080 1372 1143 sententia
1394 1081 1458 1142 iam
1520 1082 1522 1164 ζ

283 1188 377 1250 initio
386 1189 411 1265 4)
445 1187 671 1270 disputationis
698 1193 826 1251 nostrae
857 1186 957 1248 locuti
990 1204 1111 1249 sumus.
1166 1182 1265 1248 Laelii
1297 1205 1372 1249 vero
1408 1205 1460 1249 res
1522 1199 1524 1276 ᾗ

285 1293 389 1376 qualis
411 1293 515 1374 fuerit,
538 1313 668 1377 prorsus
686 1294 831 1377 ignotum
851 1291 935 1375 ese),
955 1311 1013 1356 uec
1032 1291 1197 1355 diudioare
1214 1292 1297 1373 licet,
1321 1312 1386 1375 qna
1409 1311 1460 1356 cc·
1524 1318 1526 1384 ]

285 1401 413 1463 cesione
446 1399 520 1463 data
548 1398 674 1463 Caelius
703 1401 848 1464 elocutus
880 1401 921 1462 sit
943 1398 1040 1462 verba
1068 1385 1136 1462 illa.¹
1178 1398 1341 1463 Forstasse
1372 1401 1461 1464 testis

286 1507 460 1591 aliquando
483 1505 544 1568 fuit
567 1511 677 1569 contra
694 1505 850 1586 Laelium,
873 1507 985 1569 autin
1010 1507 1150 1570 oratione
1180 1507 1287 1590 aliqua
1308 1527 1375 1570 nou
1397 1509 1461 1572 nisi
1527 1492 1529 1558 Ϊ

285 1613 518 1699 praetereundo
542 1614 755 1676 contentionis
778 1614 848 1676 eius
871 1615 1066 1677 mentionem
1089 1612 1170 1678 fecit.

376 1985 502 2067 Mense,
531 1990 569 2048 ut
596 1985 737 2068 videtur,
767 1985 913 2066 Martim)
940 1983 1060 2072 7032151
1088 1986 1198 2050 Cicero
1225 1985 1368 2051 Ciliciam
1391 2007 1462 2072 pro-

288 2095 426 2156 vinciam
459 2093 629 2176 proconsul
661 2094 790 2156 sortitus
827 2099 875 2158 est
906 2100 1002 2176 atque
1034 2092 1094 2156 sub
1126 2092 1225 2157 finem
1256 2096 1379 2178 Aprilis
1411 2097 1463 2159 vel

289 2201 419 2264 initimn
442 2198 508 2262 Mai
519 2201 541 2278 ⁷)
566 2219 608 2262 ex
631 2199 712 2262 urbe
735 2199 820 2266 abiit.
867 2199 993 2264 Caelius
1017 2201 1155 2263 amicum
1176 2199 1350 2264 Cumarum
1367 2207 1462 2265 tenus

290 2312 429 2370 sectatus
453 2305 554 2389 esse⁸)
576 2306 713 2387 videtur,
737 2310 802 2390 qui,
822 2307 1124 2390 cumtnvitissimus
1143 2308 1327 2390 provinciae
1343 2327 1460 2370 munus

290 2412 414 2477 subiret
422 2415 456 2493 9),
489 2412 528 2475 ab
561 2413 616 2476 illo
649 2413 856 2476 vehementer
887 2413 1013 2495 petivit,
1045 2420 1081 2476 ut
1113 2432 1224 2476 omnes
1250 2433 1301 2478 res
1325 2413 1460 2478 urbanas

290 2520 533 2604 diligentissimo
557 2518 617 2582 sibi
635 2518 901 2602 perscriberet.¹⁰)
937 2519 986 2582 Ita
1008 2519 1128 2583 factum
1146 2524 1202 2600 est,
1225 2524 1261 2583 ut
1279 2521 1359 2585 alter
1377 2521 1463 2584 alteri

292 2626 473 2710 complures
497 2626 649 2708 epistulas
672 2626 868 2710 mitteretss),
897 2646 978 2710 quae
1003 2627 1132 2709 quidem
1155 2626 1402 2711 omnesfore12)
1426 2625 1466 2690 ad

291 2738 433 2795 nostram
467 2736 602 2796 aetatem
632 2738 857 2815 pervenerunt.
902 2732 954 2796 Ex
988 2732 1106 2816 quibus
1140 2753 1214 2798 omn
1247 2740 1466 2818 cognoscatur,

294 2838 372 2921 quid
396 2836 522 2901 Caelius
544 2838 600 2902 illo
623 2844 766 2923 tempore
790 2842 898 2924 egerit,
925 2842 1024 2905 immo
1049 2841 1128 2923 quid
1151 2843 1305 2926 cogitarit,
1330 2841 1468 2924 quasin

292 2963 326 3006 re
348 2943 478 3027 publica
500 2951 603 3028 partes
627 2952 755 3010 secutus
779 2948 833 3029 sit,
862 2947 956 3032 plane
980 2965 1022 3010 ex
1044 2966 1078 3010 rc
1101 2953 1149 3012 est
1171 2950 1206 3011 in
1230 2949 1372 3032 singulas
1396 2946 1468 3010 dili-

293 3051 421 3134 gentius
444 3052 614 3136 inquirere.

384 3157 510 3224 Caelius
541 3164 613 3244 post
645 3159 806 3224 Ciceronis
843 3161 1021 3225 discessum
1052 3161 1182 3248 longius
1221 3163 1359 3246 spatium
1388 3164 1468 3223 tem-

293 3267 378 3348 pon's
409 3286 475 3329 non
508 3269 691 3349 intermisit,
726 3269 805 3351 quin
837 3269 1031 3352 promissum
1064 3268 1208 3331 solveret.
1262 3265 1350 3330 Inter
1381 3267 1468 3330 enim

294 3391 321 3435 a.
345 3372 373 3437 d.
397 3372 456 3435 IX.
480 3372 519 3436 K.
543 3374 655 3438 Iunias
679 3379 710 3439 ct
731 3377 818 3458 ipsas
838 3372 998 3438 Kalendas
1021 3375 1157 3457 primam
1182 3371 1326 3434 Ciceroni
1349 3374 1469 3456 epistu-

386 3584 407 3652 1)
427 3584 460 3639 cf.
480 3584 588 3640 Ellendt
608 3589 659 3640 128
678 3601 716 3654 sq.
1151 3605 1154 3611 ·

387 3671 408 3742 ²)
425 3673 462 3726 ud
480 3673 550 3726 Vell.
570 3673 673 3728 Paterc.
695 3678 719 3742 2,
740 3679 805 3729 68.’
855 3673 876 3744 ⁸)
897 3679 922 3740 6,
942 3679 966 3743 3,
986 3677 1028 3728 39.
1049 3678 1092 3728 41.
1165 3673 1187 3743 ⁴)
1205 3690 1231 3743 p.
1251 3677 1267 3727 4
1285 3690 1312 3728 u.
1335 3679 1358 3729 1.

386 3761 408 3830 ⁵)
428 3759 502 3828 Quae
525 3761 639 3832 Pighius
667 3763 701 3816 de
729 3779 761 3817 oa
788 3748 922 3830 disseruit,
950 3779 1003 3816 non
1026 3763 1077 3817 nisi
1096 3763 1250 3818 coniectura
1267 3762 1397 3817 nittmtur.
1435 3761 1467 3813 cf.

298 3849 448 3920 Spaldiugii
466 3853 557 3905 notam
575 3853 608 3925 ad
628 3849 719 3918 Quint.
738 3851 756 3906 1.
775 3850 794 3906 l.

387 3939 409 4007 ⁶)
428 3938 518 4009 Lange
535 3939 585 4009 111,
604 3943 664 3995 382.
702 3939 769 3994 Moll
787 3958 813 4010 p.
835 3945 875 3995 13.
949 3939 970 4009 ⁷)
989 3957 1015 4009 p.
1035 3945 1078 3995 31.
1097 3957 1123 3994 u.
1145 3945 1186 3996 10.
1206 3941 1239 3996 cf.
1258 3939 1429 4008 Mollp.'14.

387 4029 542 4100 ⁸)adfam.
567 4033 636 4098 8,1.
782 4030 856 4100 ⁹)ad
879 4030 943 4084 sam.
968 4035 993 4097 3,
1013 4033 1037 4098 2,
1059 4035 1081 4084 1.
1110 4031 1144 4084 ad
1168 4031 1222 4084 Att.
1249 4032 1361 4098 5,1,1.
1399 4031 1425 4094 2,
1445 4031 1471 4095 3,

297 4118 414 4186 saepius,
489 4119 522 4188 ιο)
546 4119 579 4172 ad
598 4119 660 4173 lam.
689 4123 758 4187 8,1,
780 4124 802 4173 1.
881 4119 915 4188 ¹¹)
934 4118 1016 4173 Caelii
1035 4127 1094 4188 epp.
1114 4119 1289 4172 inveniuntur
1308 4117 1336 4171 in
1355 4132 1413 4186 epp.
1438 4116 1473 4171 ad

296 4207 360 4262 fam.
379 4207 439 4263 libr.
459 4213 484 4275 8,
510 4213 602 4267 1-17.
622 4207 758 4263 Ciceronis
777 4209 810 4262 ad
830 4207 950 4264 Caelium
969 4208 1004 4262 ib.
1025 4211 1049 4275 2,
1069 4211 1165 4263 8-16.
1393 4209 1397 4219 “

371 4296 404 4368 ¹²)
422 4297 572 4352 Nonnullae
590 4297 701 4368 periisse
720 4313 769 4351 suo
787 4296 845 4351 loco
864 4297 1026 4352 docebimus.
