3182 4908
761 281 979 341 -14-

282 454 440 628 probathr.
513 453 646 522 Certum*
691 461 738 518 est
790 454 851 518 sub
896 454 993 518 finem
1035 457 1112 519 anni
1153 453 1295 520 Caelium
1334 453 1449 518 Romae

297 563 380 608 uisse
416 595 422 608 .

375 847 417 910 Ut
446 846 598 930 permulti
627 846 845 910 adulescentes
875 848 1044 910 oratoriam
1074 847 1135 910 sibi
1164 846 1293 912 laudem
1314 847 1452 931 paraturi

282 959 389 1018 vetere
412 954 558 1041 instituto
582 953 767 1016 tirocinium
791 953 989 1037 eloquentiae
1011 955 1047 1016 in
1066 955 1254 1019 accusandis
1272 952 1452 1016 hominibus

282 1059 411 1124 nefariis
444 1065 474 1124 et
501 1057 660 1124 sceleratis
682 1043 844 1142 ponebant
854 1061 887 1142 2),
921 1060 1007 1142 quod
1040 1060 1170 1143 quidem
1199 1080 1319 1124 munus
1348 1061 1452 1123 minus

283 1167 472 1231 laudabatur
509 1187 607 1249 quam
639 1157 868 1251 defendendii),
905 1169 951 1231 sio
984 1166 1024 1230 M.
1054 1166 1180 1231 Caelius
1202 1166 1307 1232 Rufus
1335 1167 1374 1231 ab
1398 1167 1453 1230 hac

285 1275 407 1358 origine
431 1293 561 1337 cursum
585 1273 679 1336 duxit
702 1263 894 1363 oratorium.¹
919 1272 1033 1361 Neque
1051 1279 1161 1358 postea
1178 1275 1231 1336 via
1249 1275 1328 1338 inita
1348 1274 1454 1337 dever-

284 1401 339 1444 sus
363 1387 417 1456 est,
441 1380 496 1444 sed
520 1385 585 1473 tam
604 1381 774 1444 accusandi
793 1371 930 1464 cupidus
948 1381 1017 1464 fuit,
1042 1385 1077 1443 ut
1094 1380 1278 1465 inimicitias
1296 1383 1455 1464 appeteret

285 1493 314 1550 et
337 1486 387 1550 vel
409 1488 595 1550 innoeentes
627 1488 662 1548 in
690 1487 847 1550 iudicium
877 1492 1003 1552 vocaret
1032 1489 1144 1570 capitis
1167 1488 1218 1550 sui
1241 1476 1382 1570 periculo
1405 1503 1455 1547 ne·

284 1593 427 1676 glect04).
447 1589 552 1667 Quare
572 1592 680 1656 Cicero
700 1592 818 1656 bonam
837 1613 910 1658 eum
926 1559 1074 1658 dextram
1092 1593 1209 1657 habero
1228 1595 1318 1680 dipit,
1342 1593 1455 1658 malam

285 1701 446 1764 sinistram
453 1701 487 1782 ⁵),
505 1701 716 1784 melioresque
734 1702 803 1764 eius
822 1702 1039 1765 accusationes
1058 1701 1156 1766 scrisse
1174 1700 1344 1785 praedicat,
1364 1718 1456 1783 quam

285 1807 485 1870 defensiones
494 1806 526 1888 ⁶).
582 1807 682 1870 Tanta
720 1813 828 1871 autem
864 1807 925 1872 tuit
956 1807 1074 1891 gloriae
1107 1807 1325 1892 cupiditatel),
1359 1811 1396 1870 ut
1427 1803 1456 1868 Ο.

284 1915 465 1978 Antonium
488 1907 682 1996 Hybridam,
715 1912 876 1998 Cicerqnis
907 1913 943 1977 in
975 1914 1144 1978 consulatu
1168 1914 1335 1997 collegam,
1365 1931 1456 1978 accu-

285 2027 376 2103 saret,
394 2027 431 2085 ut
448 2023 589 2105 primum
615 2020 722 2085 forum
746 2023 900 2105 attingere
912 2023 1032 2104 coepit.
1077 2018 1140 2096 Qui
1160 2021 1207 2082 vir
1216 2020 1251 2104 8),
1269 2020 1310 2086 M.
1327 2019 1458 2084 Antonii

286 2129 418 2192 oratoris
450 2127 536 2192 filius
568 2119 691 2210 minor,
722 2127 830 2192 Sullae
861 2131 896 2192 in
927 2129 1070 2194 exercitu
1098 2125 1257 2210 stipendia
1279 2128 1400 2193 fecerat
1420 2125 1457 2190 ab

286 2253 387 2318 eoque
423 2254 499 2297 cum
537 2237 682 2321 equitatu
721 2236 755 2299 in
794 2234 926 2300 Graecia
942 2225 1082 2321 Δ671783
1115 2235 1249 2304 relictus
1281 2240 1360 2316 erat,
1398 2251 1458 2316 qna

287 2343 451 2406 occasione
483 2361 563 2406 usus
591 2348 653 2423 est,
685 2346 722 2405 ut
751 2333 917 2425 spoliando
949 2361 1081 2426 magnas
1114 2342 1242 2406 divitias
1270 2343 1458 2430 congereret,
1548 2423 1549 2432 ἵ

289 2469 385 2531 quam
409 2449 538 2512 obrem
561 2448 809 2532 repetundarum
833 2454 999 2512 accusatus
1023 2447 1112 2532 esu),
1141 2469 1237 2513 causa
1264 2456 1373 2530 tamen
1397 2465 1458 2510 non

288 2560 365 2620 acta.
403 2555 518 2619 Postea
540 2559 615 2620 otuu
640 2553 790 2618 Cicerone
813 2560 938 2634 praetor
959 2555 1021 2620 fuit
1044 2561 1075 2620 et
1097 2546 1138 2620 ad
1160 2556 1365 2620 consulatum
1388 2573 1457 2618 cum

289 2682 325 2725 eo
354 2664 507 2746 pervenit.
554 2662 708 2726 Catilinae
738 2666 844 2724 autem
875 2662 1015 2726 consiliis
1042 2664 1077 2725 in
1105 2663 1289 2726 consulatus
1312 2664 1458 2746 petitione

286 2768 615 2851 iamfaverat10),et,
648 2788 722 2832 cum
744 2767 850 2851 paullo
874 2773 946 2852 post
975 2769 1015 2832 ad
1039 2789 1127 2832 arma
1149 2759 1283 2839 ventum
1307 2765 1460 2854 esset,ad

288 2874 450 2939 Petreium
481 2876 622 2960 legatum
655 2875 1094 2960 impeuum,detulit1¹)„ne
1127 2880 1238 2939 contra
1265 2877 1408 2940 amicum
1429 2875 1459 2936 in

287 2983 405 3066 proelio
430 2989 596 3068 pugnaret
647 2982 732 3046 Pace
756 2963 903 3046 restituta
928 2966 1147 3066 Macedoniam
1170 2983 1369 3066 provinciam
1392 3000 1461 3067 pro-

288 3090 401 3156 consul
424 3089 578 3172 obtinuit,
610 3111 708 3174 quam
731 3081 894 3172 tantopere
917 3090 1053 3152 vastavit
1076 3094 1107 3152 et
1130 3088 1292 3172 spoliavit,
1324 3095 1374 3170 ut,
1403 3086 1461 3151 uisi

289 3195 398 3259 Cicero
431 3197 663 3279 impedivisset,
696 3217 736 3260 ne
769 3201 971 3262 rovoraretur
981 3197 1033 3277 12),
1071 3197 1135 3257 iam
1160 3177 1229 3258 turn
1261 3214 1335 3273 reus
1360 3195 1461 3258 factus

288 3307 377 3365 esset
415 3303 512 3366 Anno
532 3309 639 3368 autem
659 3301 784 3390 694s60
804 3302 837 3366 O.
858 3301 1008 3366 Octavius
1028 3303 1170 3364 Antonio
1190 3305 1349 3382 successit,
1370 3304 1461 3366 ouius

380 3497 400 3566 ²)
419 3497 452 3550 ol.
472 3515 497 3565 p.
519 3503 552 3551 15
571 3513 610 3565 sq.
629 3498 663 3551 ad
675 3499 731 3552 Att.
746 3501 771 3565 2,
782 3501 807 3564 2,
818 3502 844 3551 3.
881 3496 1005 3566 Nigidius
1023 3496 1105 3549 iudex
1124 3497 1226 3564 quaest.
1247 3496 1333 3550 fuisse
1346 3496 1461 3550 videtur.

233 3567 234 3572 ’
292 3587 325 3641 or.
345 3586 436 3655 Lange
454 3585 476 3652 1,
495 3589 556 3639 ara.
595 3586 700 3655 Zumpt,
720 3585 887 3654 cummarpr.
907 3604 932 3655 p.
955 3591 995 3640 ro.
1015 3602 1056 3653 ep.
1076 3585 1110 3638 ad
1129 3583 1159 3650 Q.
1180 3585 1211 3639 rr.
1233 3589 1259 3654 1,
1278 3589 1303 3654 2,
1316 3589 1356 3640 16.

379 3673 402 3744 ⁹)
421 3691 446 3742 p.
467 3673 537 3728 Cael.
557 3680 600 3742 30,
620 3680 662 3730 73.
699 3675 759 3730 Tac.
779 3674 842 3729 dial.
862 3675 932 3729 deor.
949 3689 971 3728 o.
991 3679 1034 3728 34.
1054 3673 1146 3740 Quint.
1168 3677 1209 3742 12,
1229 3678 1253 3743 6,
1275 3679 1298 3728 1.

379 3764 400 3833 ³)
421 3763 475 3818 Cio.
496 3764 529 3817 de
547 3765 591 3819 off.
611 3767 635 3833 2,
657 3769 698 3830 14,
707 3768 749 3818 49.

379 3854 402 3923 ⁴)
422 3870 448 3921 p.
469 3852 540 3907 Cael.
561 3858 585 3921 7,
607 3857 648 3908 16.
671 3858 710 3922 19,
725 3858 766 3908 47.
798 3851 875 3906 Brut.
895 3856 938 3920 79,
958 3855 1018 3907 273.
1048 3850 1139 3917 Quint.
1159 3855 1184 3916 6,
1203 3857 1228 3921 3,
1244 3855 1286 3907 69.
1309 3855 1348 3921 10,
1365 3854 1464 3920 1,115.
1528 3897 1529 3939 ,

379 3943 401 4010 ⁶)
421 3942 511 4008 Quint.
525 3949 557 4012 -θ,
577 3949 601 4011 3,
622 3947 665 4000 69.
738 3943 759 4011 ⁰)
779 3943 833 3996 Cio.
852 3940 930 3995 Brut.
950 3941 967 3996 l.
987 3941 1005 3996 l.
1079 3941 1100 4010 Ι)
1118 3958 1143 4009 p.
1164 3939 1235 3995 Cael.
1255 3945 1297 4009 31,
1318 3945 1360 3996 74.

285 4059 288 4063 ·
381 4034 402 4100 ⁸)
421 4032 514 4088 Drum.
535 4033 556 4102 Ι,
577 4038 625 4088 531
648 4047 687 4102 sq.

380 4123 401 4190 ⁹)
421 4122 453 4176 of.
473 4121 557 4176 sohol.
577 4122 641 4176 Bob.
660 4122 689 4175 iu
708 4137 744 4175 or.
764 4122 794 4174 in
807 4123 860 4191 teg.
881 4121 956 4175 caud.
976 4137 1001 4188 p.
1021 4123 1064 4174 84.
1085 4117 1177 4174 Orelli.
1253 4119 1286 4188 10)
1305 4136 1330 4188 p.
1353 4122 1394 4172 11.

367 4212 400 4281 ¹¹)
419 4211 546 4265 morbum
567 4211 751 4280 praetendens.
783 4211 873 4280 Iunge
890 4210 941 4278 ΙΙΙ,
961 4213 1021 4264 257.

369 4301 401 4370 ¹²)
421 4317 461 4370 ep.
483 4301 524 4355 ad.
544 4301 605 4355 fam.
626 4306 650 4370 5,
669 4303 729 4369 6,3.
750 4299 784 4354 ad
802 4301 860 4354 Att.
883 4304 905 4368 1,
927 4301 1002 4366 12,1.
