3182 4908
678 301 900 361 ..19-

203 485 297 564 tium,
331 483 387 565 qui
420 485 529 564 postea
562 480 622 541 viri
656 477 866 541 illustrissimi
898 476 932 538 in
964 494 999 539 re
1029 475 1159 559 publica
1190 475 1380 556 exstiterint,

203 591 280 653 satis
311 589 376 651 illis
409 587 624 650 excusationis
657 583 769 648 afferre
802 583 973 647 contendit.
984 581 1009 666 1)
1057 580 1248 666 Saepissime
1272 586 1380 645 autem
1431 607 1433 612 ·

203 697 286 776 fieri,
318 701 356 758 ut
385 693 534 757 libidines
561 693 666 774 prima
691 695 792 754 aetate
815 690 960 754 inclusae
984 694 1015 752 et
1037 690 1228 753 constrictae
1251 708 1285 753 se
1307 707 1380 771 pro-

203 803 342 866 fundant
364 818 608 881 nonnumquam
636 803 732 880 atque
760 798 877 860 eiciant
899 797 1077 859 universae.
1088 795 1112 879 2)
1157 796 1249 860 Tanti
1272 800 1379 858 autem

203 913 336 974 fuerunt
355 908 550 986 deliciarum,
570 910 601 969 et
619 904 760 968 desidiae
778 905 812 966 in
830 903 910 967 urbe
929 921 1101 984 sermones,
1119 909 1156 966 ut
1175 902 1275 966 Caelii
1293 902 1378 966 fama

206 1018 335 1081 omuino
349 1013 599 1094 labefactaretur,
618 1030 716 1095 prope
736 1009 932 1074 obrueretur.
952 1007 1058 1085 Quare
1076 1011 1219 1093 primum
1238 1009 1378 1072 Atratini

204 1142 322 1187 nomen
347 1122 385 1184 de
409 1120 533 1184 ambitu
557 1118 671 1182 detulit
680 1119 717 1208 ³),
747 1121 783 1180 ut
815 1122 967 1180 renovata
994 1118 1099 1200 priore
1126 1117 1285 1181 industria
1306 1116 1379 1180 illos

206 1230 410 1313 opprimeret,
434 1225 549 1289 deinde
573 1229 680 1288 autem
704 1245 801 1288 causa
823 1226 885 1288 ista
905 1225 1014 1287 minus
1036 1223 1118 1287 bene
1141 1229 1229 1307 gesta
1252 1243 1381 1288 omnem

204 1355 275 1399 oum
302 1333 413 1399 Clodia
446 1325 712 1396 consuetudinem
745 1332 835 1415 fugit.
893 1328 984 1405 Quod
1020 1330 1149 1414 quando
1182 1328 1303 1394 factum
1330 1332 1380 1412 sit,

203 1462 281 1506 mox
303 1440 494 1504 videbimus.
1077 1451 1079 1458 ’

294 1670 469 1735 Postrernis
493 1670 569 1731 anni
589 1665 712 1749 697s57
736 1669 901 1733 mensibus
910 1671 935 1749 4)
956 1668 1081 1732 Caelius
1099 1668 1133 1731 L.
1154 1668 1380 1752 Sempronium

205 1779 404 1858 Atratinum,
438 1774 598 1843 Ciceronis
630 1774 864 1860 familiarem),
901 1776 971 1860 lege
1005 1773 1209 1859 Calpurniass)
1240 1774 1379 1838 ambitus

206 1885 378 1965 accusavit,
402 1888 437 1965 ut
460 1901 622 1946 sermones
647 1881 686 1944 de
708 1882 774 1944 vita
797 1902 856 1945 sua
878 1888 909 1947 et
931 1881 1084 1958 moribus,
1109 1883 1166 1974 qui
1183 1882 1282 1965 vulgo
1297 1879 1380 1946 'iere-

206 1992 332 2071 bantur,
355 1991 596 2069 morerenturl)
643 1982 958 2053 Ρ11011100000000
981 1992 1092 2052 contra
1113 1988 1208 2052 illum
1231 1990 1379 2054 instituta

207 2104 238 2162 et
261 2103 329 2161 acta
344 2117 419 2161 esse
441 2097 578 2178 ridetur,
606 2081 779 2178 antequam
805 2094 931 2159 Caelius
955 2115 973 2158 a
998 2093 1107 2158 Clodia
1129 2098 1268 2178 recessit,
1293 2097 1380 2180 quod

206 2205 306 2267 altera
330 2204 467 2276 demum,
483 2203 534 2267 de'
555 2203 666 2266 eodem
690 2205 823 2266 crimine
847 2203 1007 2266 accusatio
1031 2202 1119 2294 illam
1142 2205 1311 2280 excitavit,
1342 2209 1380 2296 ut

205 2301 333 2374 inimice
351 2315 441 2374 'cum
473 2305 676 2374 adulescente
700 2311 849 2394 ogereti)
896 2309 1019 2392 Atque,
1051 2314 1088 2372 ut
1117 2314 1295 2373 statuamus
1319 2309 1378 2373 sub

204 2417 304 2481 finem
327 2417 392 2480 fere
416 2418 492 2480 anni
521 2417 609 2480 illius
640 2436 771 2480 causam
794 2420 897 2480 actam
921 2435 1003 2494 esse,
1037 2435 1073 2480 eo
1103 2416 1228 2480 inducti
1259 2437 1380 2500 sumus,

206 2525 293 2607 quod
316 2525 408 2588 initio
433 2527 510 2588 anni
539 2525 702 2611 sequentis
727 2522 852 2606 Caelius
875 2523 1061 2587 Atratinum
1093 2522 1179 2587 idem
1202 2525 1237 2586 in
1260 2524 1381 2587 crimen

206 2632 325 2693 iterum
346 2633 473 2694 vocavit
496 2635 527 2695 et
550 2632 661 2694 eodem
683 2636 825 2714 tempore
848 2631 1022 2714 instigante
1043 2628 1153 2694 Clodia
1172 2628 1211 2692 ab
1231 2630 1381 2693 Atratino

206 2735 272 2797 filio
297 2744 463 2801 accusatus
491 2743 549 2804 ast.
559 2737 583 2816 ⁹)
629 2737 717 2802 Inter
747 2743 917 2822 utramque
949 2744 1057 2802 autem
1078 2737 1220 2800 Atratini
1250 2757 1381 2800 accusa-

206 2843 328 2905 tionem
349 2863 503 2926 magnum
526 2845 679 2926 temporis
703 2845 840 2928 spatium
869 2864 935 2908 non
962 2843 1145 2908 interfuisse
1169 2861 1295 2926 omnes,
1325 2845 1381 2927 qui

207 2947 266 3010 hac
290 2947 328 3011 dc
351 2967 386 3012 ro
409 2951 598 3013 sententiam
622 2951 775 3032 tulerrmt,
797 2952 859 3014 viri
884 2951 969 3015 docti
992 2953 1203 3015 consentiunt.
1227 2950 1380 3014 Attamen

207 3073 273 3117 non
295 3054 410 3117 faciam
433 3075 508 3118 cum
530 3038 783 3145 Drumannoffl),
812 3058 869 3141 qui
893 3057 1058 3123 contendit
1081 3055 1266 3120 Ciceronem
1289 3076 1381 3121 reum

207 3160 436 3245 defendissess)
454 3153 591 3246 ideoque
608 3163 679 3227 fieri
697 3183 763 3229 non
781 3165 933 3247 potuisse,
952 3169 989 3227 ut
1006 3165 1106 3248 prius,
1126 3182 1223 3245 quam
1242 3168 1380 3227 exeunte

253 3287 349 3294 ----.---.-

296 3337 317 3408 1)
335 3337 369 3391 ib.
389 3338 407 3392 l.
426 3338 446 3398 l.
464 3337 543 3392 aliter
569 3340 599 3393 10
626 3357 685 3409 opp.
714 3341 747 3395 de
770 3357 801 3394 00
823 3339 971 3406 iudicarit3
995 3339 1029 3394 ol.
1055 3339 1089 3393 ad
1106 3339 1170 3392 fam.
1190 3342 1299 3408 2,1o,o
1318 3355 1381 3394 cum

206 3431 266 3494 01,
280 3431 305 3483 a.
324 3428 360 3481 au
377 3429 435 3482 att.
455 3431 569 3496 o,1,ar.
588 3446 616 3497 p.
637 3434 705 3498 1,n.
726 3434 750 3484 a.
823 3427 845 3499 2)
864 3428 900 3482 ib.
919 3433 963 3497 31,
974 3432 1016 3483 ro.

295 3515 316 3584 ³)
334 3515 369 3570 ib.
398 3521 440 3584 31,
470 3521 512 3572 76.
551 3517 687 3572 Ciceronis
710 3535 757 3587 pro
781 3517 869 3573 Caelio
893 3517 1040 3572 orationem
1059 3515 1213 3588 Oetlingius
1232 3517 1261 3571 in
1279 3517 1378 3572 disser-

206 3601 315 3671 tatione,
343 3619 424 3673 quam
449 3623 474 3675 p.
504 3611 533 3659 11
555 3605 709 3676 citavimus,
738 3607 776 3662 ita
803 3605 989 3676 perlustravit,
1018 3607 1049 3658 ut
1072 3607 1197 3660 accurate
1216 3609 1379 3676 exposuerit,

207 3691 338 3759 quomodo
357 3693 461 3764 singula
480 3695 593 3750 crimina
610 3695 698 3749 orator
716 3695 833 3750 refutare
852 3694 1010 3750 studuisset.
1030 3695 1063 3750 ci.
1082 3695 1177 3752 Drum.
1195 3695 1231 3765 11,
1247 3700 1299 3752 378
1311 3712 1351 3766 sq.

295 3780 317 3847 ⁴)
335 3781 398 3836 vide
416 3784 494 3839 inira.
581 3784 603 3853 ⁵)
621 3801 647 3852 p.
660 3782 738 3838 'Cael
760 3789 783 3853 1,
794 3789 818 3840 2.
839 3790 864 3852 3,
874 3788 898 3839 7.
919 3787 1014 3852 31,76.

296 3867 317 3937 ⁶)
337 3867 441 3940 Zumpt,
460 3872 660 3942 Criminalproo.
680 3890 706 3942 p.
726 3879 786 3929 031.
847 3875 868 3944 π)
887 3891 914 3928 v.
933 3888 1022 3943 supra.

295 3957 316 4026 ⁸)
336 3973 363 4025 p.
382 3957 451 4014 eaor.
471 3965 496 4028 3,
506 3967 531 4016 a.
551 3966 576 4030 a,
589 3967 630 4017 ra.
651 3965 731 4031 o,ao.

295 4045 317 4115 ⁹)
336 4062 364 4115 p.
383 4045 454 4102 Cael.
476 4053 518 4118 19,
528 4055 570 4106 47.
609 4049 693 4105 Caelii
712 4066 823 4105 causam
841 4049 916 4105 ludis
931 4049 1134 4121 Megalensibus
1145 4053 1234 4106 actum
1247 4066 1379 4106 essemox

206 4134 415 4189 demonstraturi
434 4151 535 4192 sumus.
651 4139 739 4209 101Π,
760 4145 821 4195 413.
1052 4149 1054 4154 '

294 4223 326 4291 ¹¹)
345 4223 417 4278 idem
437 4229 596 4281 censuerant
613 4226 764 4298 Manutius,
783 4230 939 4286 Abramius.
963 4230 996 4284 ol.
1021 4227 1105 4283 Orelli
1128 4229 1218 4284 annot.
1237 4228 1271 4284 ad
1306 4227 1378 4284 Cael.

205 4316 221 4366 3
245 4315 270 4368 7.

224 4351 230 4379 1
1182 4406 1218 4461 2*
