3182 4908
722 227 944 290 ,36-

244 404 318 468 data
341 408 431 484 esset,
455 401 586 466 Mollius
615 403 691 470 sans
715 402 951 470 demonstravit.
966 404 989 486 1)
1035 404 1115 468 Cum
1141 425 1216 469 vero
1240 408 1303 470 alia
1326 411 1420 473 amici

244 511 411 574 cuiusdam
435 509 571 593 epistula
595 507 737 572 Ciceroni
760 509 894 592 perlata,
919 531 1001 593 quae
1025 514 1191 594 nuntiarit,
1217 533 1282 576 uon
1306 521 1418 598 exstet,

242 637 302 682 nec
330 618 424 681 liceat
458 617 612 696 dubitari,
643 617 725 698 ¹quin
755 614 879 680 Caelius
908 619 1014 681 statim
1048 624 1119 701 post
1149 621 1418 684 renuntiationem

243 725 465 809 suffragiorum
488 727 608 786 tantam
630 740 698 787 rem
727 726 833 786 tantae
855 725 1079 806 gratulationis
1090 725 1113 808 2)
1137 727 1167 789 ei
1189 727 1417 810 perscripserit,

203 847 205 862 ·
242 831 325 894 hanc
348 817 417 894 eius
440 829 610 913 epistulam
632 836 789 892 servatam
818 849 885 892 non
913 848 981 894 esse
1009 830 1102 894 nobis
1125 830 1284 915 probatur.
1331 833 1418 910 Quae

242 938 475 1023 argumentatio
503 935 648 998 firmatur
678 955 729 1017 eo,
760 937 846 1019 quod
876 935 974 1000 Caelii
1001 937 1124 1002 litterae
1151 959 1177 1004 a.
1203 939 1231 1001 d.
1255 938 1312 1005 IV.
1335 939 1417 1007 Non.

242 1044 325 1129 Sept.
335 1047 360 1128 3)
385 1044 475 1107 datae
499 1045 545 1106 sic
568 1044 761 1125 compositae
785 1047 871 1124 sunt,
903 1045 1028 1107 utiam
1051 1049 1143 1108 antea
1167 1045 1355 1111 Ciceronem
1378 1049 1417 1112 de

242 1153 378 1216 comitiis
386 1148 856 1232 certioremfecissevideatur4).
865 1148 1417 1238 Deindeexepistuliseorumpostca

240 1257 573 1341 exeratiscolligitur5)
592 1254 735 1319 Caelium
748 1256 921 1339 aliquando
932 1257 1077 1321 homines
1087 1260 1212 1322 misisse
1223 1261 1257 1322 in
1265 1259 1416 1345 Ciliciam,

241 1368 295 1449 qui
322 1366 492 1449 pantheras
519 1363 654 1426 Romam
681 1363 891 1428 traducerent,
943 1362 988 1426 Hi
1016 1370 1123 1428 autem
1159 1364 1278 1430 litteras
1309 1377 1416 1451 pertu-

238 1473 386 1553 leruntssl,
409 1473 445 1534 in
469 1470 587 1553 quibus
609 1470 674 1552 ille,
707 1490 773 1534 non
803 1470 906 1534 solum
940 1469 1057 1534 bestias
1084 1478 1122 1535 ut
1145 1471 1254 1536 Cicero
1277 1476 1417 1540 mitteret

238 1579 505 1666 etsyngrapham
530 1576 691 1642 Sittiaram
715 1582 848 1659 curaret,
871 1577 993 1660 petivit,
1022 1578 1078 1641 sed
1102 1581 1197 1642 etiam
1219 1588 1256 1644 ut
1280 1600 1322 1644 ex
1343 1601 1415 1665 pro-

240 1689 347 1749 vincia
366 1686 533 1769 pecuniam
558 1684 618 1748 sibi
642 1686 834 1750 conciliaret.
875 1683 1009 1767 Propter
1032 1685 1125 1749 ludos
1148 1688 1233 1750 enim
1257 1688 1416 1752 aedilicius

237 1794 390 1856 maximis
418 1793 454 1854 in
478 1793 634 1875 angustiis
662 1790 861 1872 versabatur,
896 1791 982 1874 quod
1012 1791 1138 1874 opibus,
1172 1813 1252 1875 quas
1284 1797 1319 1857 in
1350 1797 1415 1860 illis

237 1905 447 1981 consumeret,
471 1900 602 1962 omnino
619 1898 760 1962 carebat.
797 1896 908 1981 Ipsum
931 1917 1006 1960 vero
1025 1897 1123 1961 huius
1144 1899 1291 1964 desiderii
1310 1903 1413 1985 pudu-

235 2009 298 2071 isse
328 2007 468 2088 uidetur,
506 2026 580 2069 cum
611 2025 676 2068 non
714 2005 777 2068 nisi
811 2005 945 2068 occultis
976 2003 1084 2068 uerbis
1116 2007 1151 2068 in
1183 2009 1413 2089 posterioribus

236 2115 379 2197 epistulis
410 2115 607 2177 mentionem
640 2113 708 2175 eius
739 2111 864 2176 faceret.
874 2109 898 2194 7)
948 2112 1057 2193 Atque
1091 2111 1200 2177 Cicero
1232 2115 1315 2178 iliud
1347 2135 1413 2178 non

236 2221 384 2305 explevit,
404 2221 467 2301 sed,
486 2224 523 2283 ut
541 2221 668 2283 cautius
686 2219 816 2300 viveret,
840 2237 915 2281 eum
933 2218 1106 2283 admonuit.
1116 2220 1141 2303 8)
1180 2218 1263 2284 Setis
1283 2221 1412 2285 ‹lemon-

235 2333 351 2392 strasse
369 2329 450 2392 mihi
468 2326 578 2390 videor
597 2325 783 2389 Ciceronem
802 2325 937 2408 acceptis
957 2325 1150 2407 quibusdam
1170 2325 1269 2390 Caelii
1286 2330 1409 2410 litteris

235 2454 317 2519 quae
349 2440 490 2498 servatae
521 2453 586 2496 non
620 2438 707 2514 sunt,
744 2432 821 2495 huic
854 2431 1006 2514 dignitate
1039 2432 1185 2496 aedilicia
1216 2436 1410 2518 gratulatum

235 2561 312 2623 esse,
337 2541 452 2604 deinde
475 2541 607 2604 alteram
630 2538 807 2622 epistulam,
831 2539 936 2602 datam
959 2558 985 2603 a.
1011 2539 1039 2604 d.
1063 2538 1172 2603 XVII.
1196 2540 1235 2604 K.
1258 2541 1409 2626 Deobr.⁹),

234 2651 264 2712 ei
286 2649 424 2730 misisse,
458 2654 527 2711 tum
557 2647 688 2711 demum
719 2647 841 2710 litteras
874 2647 942 2709 eius
972 2652 1118 2710 exaratas
1142 2668 1168 2711 a.
1193 2648 1222 2715 d.
1245 2647 1302 2712 Π.
1325 2649 1408 2714 Non.

235 2753 362 2839 Supte)
382 2756 549 2839 accepisse.
588 2752 669 2817 Cum
692 2759 800 2817 autem
823 2753 859 2814 in
876 2753 1008 2835 perditis
1025 2753 1090 2817 illis
1107 2754 1221 2818 litteris
1241 2755 1281 2819 de
1298 2754 1428 2820 bestiis.

232 2864 438 2948 potissimum
462 2866 493 2924 et
517 2859 556 2924 de
579 2861 716 2944 pecunia
738 2879 790 2924 res
813 2859 922 2941 fucrit,
947 2879 1052 2943 neque
1074 2862 1321 2926 renuntiationis
1345 2865 1409 2926 nisi

235 2970 336 3034 obiter
357 2968 478 3032 mentio
501 2968 584 3032 facta
607 2987 674 3032 esse
696 2967 851 3048 videatur,
876 2966 986 3030 Cicero
1010 2987 1068 3032 suc
1091 2969 1162 3031 iure
1180 2968 1215 3030 in
1235 2987 1282 3052 ep.
1303 2969 1346 3051 II,
1368 2971 1408 3034 10

235 3082 369 3161 questus
393 3080 497 3139 estse
520 3076 627 3138 nullas
650 3074 765 3138 habere
789 3075 883 3137 amici
902 3073 1023 3137 litteras
1048 3075 1136 3138 datas
1155 3079 1227 3158 post
1244 3077 1408 3139 renuntia-

234 3187 364 3266 tionem,
388 3203 463 3248 cum
486 3183 666 3247 accuratius
691 3187 722 3245 et
744 3181 847 3245 fusius
871 3181 910 3244 de
934 3199 971 3244 ea
990 3181 1118 3245 edoceri
1137 3187 1274 3265 cuperet.
1312 3182 1407 3246 Prae-

128 3301 131 3310 '
235 3300 320 3358 terea
343 3293 378 3354 in
401 3290 511 3354 eadem
535 3289 670 3372 epistula
697 3288 738 3351 ad
771 3307 808 3352 ea
840 3289 987 3370 recurrit,
1021 3307 1103 3371 quae
1133 3286 1257 3352 Caelius
1280 3291 1316 3351 in
1338 3308 1408 3373 epp.

235 3397 327 3480 VllI,
351 3402 372 3462 4
396 3404 427 3461 et
450 3399 469 3460 5
493 3397 555 3480 ipsi
584 3393 867 3480 perscripseratss),
898 3414 1114 3480 magnamque
1138 3414 1227 3478 spem
1251 3397 1407 3479 triumphi

325 3662 382 3733 1)1.
401 3661 420 3717 1.
439 3661 525 3716 initio.
951 3673 952 3678 ¹
1199 3693 1201 3699 ,

289 3753 291 3760 '
324 3752 587 3822 ²)adfam.2,10,
609 3753 631 3802 1.
704 3748 914 3820 Β)11).8,9,2.
987 3746 1009 3816 ⁴)
1027 3746 1142 3814 iugi.

323 3843 344 3908 ⁵)
364 3842 398 3897 ad
416 3841 479 3895 lam.
498 3844 524 3905 8,
544 3843 568 3908 9,
588 3843 612 3892 3.
632 3842 657 3907 8,
679 3842 720 3892 10.
741 3842 782 3907 11,
802 3841 827 3892 4.

324 3933 345 4003 ⁶)
365 3931 399 3986 ad
418 3930 473 3984 nte
493 3934 517 3997 6,
540 3933 562 3997 1,
582 3931 625 3982 21.
699 3928 720 3996 l)
738 3926 768 3980 in
786 3943 845 3995 epp.
865 3930 890 3994 9,
909 3930 935 3993 8,
956 3929 998 3994 11,
1015 3924 1034 3978 l.
1053 3923 1071 3980 l.
1090 3927 1118 3978 et
1136 3930 1160 3994 o,
1180 3931 1205 3979 4.

324 4021 345 4092 ⁸)
366 4020 400 4076 ad
418 4019 474 4074 Att.
493 4017 511 4073 1.
531 4016 550 4072 l.
586 4016 619 4070 In
637 4015 772 4071 Ciceronis
790 4016 824 4070 ad
843 4013 964 4070 Caelium
976 4014 1100 4082 epistulis
1114 4015 1183 4069 nihil
1200 4017 1249 4084 est,
1268 4016 1340 4084 quod
1352 4016 1406 4070 huc

232 4111 372 4181 pertineat.

322 4201 345 4271 ⁹)
364 4201 398 4254 ud
417 4199 480 4253 fam.
501 4201 525 4266 2,
549 4201 590 4266 10,
610 4202 635 4251 3.
671 4193 738 4248 Moll
755 4211 781 4264 p.
802 4199 834 4250 31
856 4209 896 4262 sq.
971 4193 1003 4264 ¹⁰)
1023 4195 1057 4250 ad
1076 4194 1137 4248 iam.
1158 4197 1182 4261 8,
1203 4197 1227 4261 9,
1248 4198 1272 4247 2.

311 4291 345 4359 ¹¹)
365 4289 398 4346 cf.
415 4289 450 4357 ,ἓξ
471 4292 494 4356 1,
515 4290 539 4356 2,
559 4291 702 4352 3,4cum
721 4289 746 4353 8,
766 4287 791 4352 t,
811 4287 835 4338 t.
875 4287 943 4348 5,1.
981 4289 1004 4352 5,
1025 4287 1048 4338 2.
