3182 4908
693 283 912 343 -24-

215 468 323 524 autem
356 459 424 522 eius
458 458 580 522 Peliam
614 460 835 521 cincinnatum
868 457 1043 540 quendam,
1074 458 1208 522 fortasse
1242 456 1390 520 Clodium

214 565 352 643 fratrem,
381 566 555 650 appellasse
579 565 714 629 videtur.
724 567 747 644 1)
784 565 851 648 Ipsi
869 566 1028 645 Atratino,
1047 557 1139 628 cuius
1155 563 1263 628 Cicero
1283 565 1390 626 nescio

217 693 280 755 qua
297 672 469 736 festivitate
489 673 705 758 eloquentiam
723 671 893 755 praedicat,
914 673 1072 758 actionem
1091 691 1110 733 a
1128 669 1161 736 L.
1180 670 1284 734 Plotio
1300 669 1391 734 Gallo

217 780 369 842 dictatam
401 798 469 844 esse
484 780 661 868 ..obiecit.,²)
709 778 821 843 Omnis
851 783 959 842 autem
992 778 1090 840 oratio
1120 777 1201 842 bene
1233 777 1332 860 polita
1361 783 1393 840 et

217 886 379 950 elaborata
401 886 462 950 fuit
486 893 517 950 et
538 889 704 971 ingenium
730 895 825 970 atque
848 885 1041 948 iudustriam
1066 882 1165 947 Caelii
1189 884 1370 967 ostendit.³)

308 991 488 1056 Secundam
508 994 703 1058 defensionis
726 1001 846 1077 partem
868 989 1225 1054 amensamens
1245 991 1393 1072 obtiniut,

220 1101 275 1182 qui
300 1100 339 1162 de
361 1099 571 1165 seditionibus
594 1101 828 1185 Neapolitanis
862 1100 901 1163 de
924 1098 1019 1162 bonis
1042 1096 1165 1178 Pallae,
1190 1097 1230 1160 de
1252 1098 1394 1162 Alexan-

220 1207 387 1288 drinorum
409 1209 588 1290 pulsatione
612 1227 694 1290 quae
719 1207 803 1272 dicta
826 1211 918 1270 erant
939 1205 1095 1288 refellitl)
1354 1203 1356 1206 ’

308 1313 432 1376 Tertius
456 1313 565 1378 Cicero
593 1318 691 1378 totam
723 1334 853 1377 causam
875 1311 1067 1396 peroravit5)
1098 1312 1237 1395 indeque
1252 1312 1394 1376 ,fonnem

127 1416 131 1422 ’
221 1422 373 1484 orationis
396 1421 576 1504 sumpsit‘),
608 1423 653 1484 ita
682 1427 717 1484 ut
738 1423 841 1504 magis
864 1425 1007 1484 moveret
1030 1426 1060 1482 et
1084 1419 1268 1501 delectaret,
1298 1439 1396 1501 quam

223 1529 352 1591 doceret
380 1533 412 1590 et
435 1527 595 1610 probaret,
619 1528 707 1610 quod
734 1530 878 1612 priorum
905 1527 1107 1592 defensorum
1129 1525 1240 1590 fuerat
1254 1527 1277 1609 7)
1325 1524 1396 1602 Qua

220 1654 256 1699 re
279 1635 507 1718 amplissimam
535 1637 734 1700 occasionem
757 1641 872 1699 nactus
895 1640 955 1714 est,
985 1641 1022 1696 ut
1045 1634 1171 1697 aculeos
1195 1633 1396 1698 oostumelia-

221 1761 295 1804 rum
316 1743 351 1803 in
375 1745 574 1806 accusatores
602 1743 771 1822 emitteret,
803 1743 972 1825 praecipue
1005 1747 1111 1804 autern
1137 1739 1279 1804 Clodiam
1304 1742 1397 1804 casti-

221 1855 325 1931 garet,
358 1867 441 1931 quae
472 1856 508 1911 ut
535 1868 631 1912 causa
653 1849 804 1931 iudiciis),
836 1851 881 1912 ita
904 1851 1019 1912 oratori
1043 1849 1263 1910 inimicissima
1286 1854 1360 1910 erat.
1373 1846 1398 1926 9)

222 1953 308 2018 Nam
329 1955 436 2018 fratris
454 1956 596 2019 consiliis
619 1957 667 2019 rei
689 1956 845 2040 publicae
859 1957 1044 2040 perniciosis
1065 1955 1175 2020 Cicero
1196 1955 1284 2018 omni
1302 1955 1397 2018 modo

223 2060 389 2132 obstiterat
412 2081 513 2144 eaque
542 2063 755 2144 subverterat;
789 2047 886 2146 atque
919 2082 991 2135 cum
1022 2082 1101 2146 gens
1125 2060 1236 2142 Clodia
1258 2063 1399 2125 maxime

224 2167 423 2245 elaborasset,
447 2175 484 2232 ut
503 2171 657 2244 exsilium
668 2169 815 2234 Ciceroni
833 2169 1055 2254 pararetur10),
1075 2171 1154 2252 quid
1173 2171 1294 2232 mirum
1314 2169 1397 2252 quod

198 2274 406 2340 'facultatem
436 2277 614 2340 tdcisoendi
641 2278 778 2342 iniurias
806 2276 868 2340 sibi
895 2277 999 2340 illatas
1028 2277 1235 2359 cupidissime
1257 2276 1398 2358 arripuit.

225 2381 338 2465 Itaque
367 2403 385 2446 a
410 2382 522 2448 Clodia
552 2386 683 2447 initium
718 2385 869 2448 orationis
902 2389 1065 2466 sumptum
1096 2388 1156 2464 est,
1189 2383 1229 2446 ad
1259 2381 1398 2444 Clodiam

227 2494 333 2552 orator
355 2491 473 2552 iterum
498 2494 529 2553 et
547 2493 675 2574 saepius
694 2492 872 2571 revertitur,
897 2490 1023 2554 Clodiae
1043 2491 1255 2554 contumeliae
1274 2489 1403 2552 exitum

227 2597 382 2659 orationis
404 2597 532 2660 faciunt.
570 2597 631 2662 Illa
653 2597 756 2661 filium
780 2602 906 2681 epatre
925 2598 1075 2660 alienavit
1093 2603 1125 2660 et
1143 2617 1216 2660 suas
1233 2597 1269 2658 in
1288 2595 1400 2658 domus

227 2704 393 2784 ascivitss),
417 2705 605 2788 voluptates,
626 2705 785 2787 libidines,
809 2704 1036 2769 obscenissima
1055 2704 1175 2768 scelera
1195 2703 1312 2784 docuit,
1330 2721 1402 2784 par-

227 2812 357 2893 ticipem
390 2813 624 2891 conviviorum,
656 2813 821 2893 luxuriae,
853 2811 1047 2896 flagitiorum
1080 2810 1167 2891 fecit,
1198 2828 1302 2874 mores
1333 2810 1403 2872 eius

229 2919 380 3000 corrupit,
398 2917 516 2982 famam
532 2920 729 3003 perdidit.1²)
754 2918 866 3003 Spreta
880 2925 912 2986 et
921 2919 1091 2997 deserta1³)
1106 2917 1223 2981 mulier
1233 2916 1404 3000 poetriass),

228 3029 355 3108 potens,
389 3026 673 3108 quadrantariam),
718 3029 862 3093 omnium
894 3028 996 3090 aulica
1006 3027 1059 3107 1⁶),
1100 3025 1156 3108 qui
1189 3043 1223 3088 se
1255 3021 1404 3086 omnibus
1497 3035 1499 3040 ·

230 3254 393 3318 Harneclrer,
422 3256 469 3323 qui
493 3257 648 3324 nuperrime
677 3273 734 3310 rem
763 3257 867 3325 copiose
896 3255 1025 3310 tractavit
1047 3256 1074 3307 in
1092 3254 1164 3308 Berl.
1185 3253 1249 3322 phil.
1268 3252 1405 3306 Wochen·

230 3343 340 3410 schrift,
358 3349 435 3411 1884,
455 3349 472 3399 8
490 3362 515 3413 p.
536 3349 587 3400 227
607 3362 647 3414 sq.

212 3483 213 3488 ,
322 3433 340 3499 ¹)
361 3433 452 3499 Quint.
476 3440 497 3502 1,
519 3440 543 3502 b,
563 3439 605 3488 61.
644 3434 737 3504 Meyer
757 3440 816 3490 468.
1187 3449 1188 3454 ’

320 3523 342 3592 ²)
362 3522 472 3577 Sueten.
491 3541 517 3592 p.
539 3529 589 3579 123
607 3523 685 3578 Reiff.
720 3523 815 3592 Meyer
833 3529 894 3578 464.
968 3524 990 3591 ⁸)
1009 3523 1043 3579 ib.
1066 3526 1106 3590 19,
1117 3527 1159 3575 45.
1233 3521 1255 3588 ⁴)
1274 3537 1299 3588 p.
1320 3523 1362 3572 22.

321 3613 343 3682 5)
362 3629 387 3680 p.
409 3612 588 3680 Gael.10,23.
611 3618 653 3680 19,
667 3618 708 3668 45.
801 3615 822 3683 ⁰)
842 3612 949 3682 Oetling
967 3629 993 3680 p.
1013 3616 1055 3666 24.

323 3704 344 3770 ⁷)
364 3701 455 3767 Quint.
480 3707 506 3770 4,
531 3706 555 3770 2,
575 3707 616 3758 27.
654 3702 794 3758 Drumann
818 3703 854 3769 II,
873 3707 933 3758 378.
972 3700 1079 3770 Oetling
1101 3718 1127 3768 p.
1148 3703 1189 3754 25.
1228 3699 1260 3752 cf.
1281 3715 1363 3767 supra
1382 3715 1406 3765 p.

235 3795 266 3842 19
285 3793 339 3843 not.
359 3795 384 3844 3.

233 3917 237 3922 -
323 3881 344 3948 ⁸)
363 3896 408 3949 pp.
431 3886 470 3935 19.
491 3885 532 3934 21.

323 3972 344 4042 ⁰)
366 3970 473 4024 Atticus
491 3973 587 4039 postea
605 3987 712 4040 quoque
732 3987 794 4026 cum
813 3987 844 4026 ea
862 3971 1029 4024 familiariter
1047 3970 1172 4022 versatus
1191 3971 1233 4022 est
1245 3970 1273 4021 et
1285 3965 1409 4022 Ciceroni

234 4060 343 4114 nuntios
363 4076 464 4129 eorum,
484 4077 553 4129 quae
572 4061 674 4131 agebat,
695 4061 774 4114 dedit.
812 4061 906 4114 Drum.
923 4059 960 4126 ΙΙ,
974 4064 1034 4113 376.

306 4151 340 4219 ¹⁰)
359 4151 452 4204 Drum.
472 4151 506 4204 ib.
527 4154 554 4204 et
573 4154 624 4205 243
644 4166 683 4218 sq.
758 4151 791 4218 ¹¹)
809 4166 834 4217 p.
855 4148 924 4203 Cael.
944 4153 969 4216 8,
991 4153 1031 4202 18.
1106 4148 1138 4205 ¹²)
1158 4147 1194 4201 ib.
1214 4163 1252 4200 oc.
1274 4149 1305 4198 13
1325 4161 1363 4212 sq.

235 4285 240 4294 .
308 4244 341 4311 ¹⁸)
361 4259 384 4311 p.
401 4245 442 4296 tt.
649 4255 651 4260 ·
749 4238 753 4248 '

308 4335 340 4403 ¹⁴)
361 4349 384 4402 p.
405 4327 475 4386 east.
496 4335 537 4386 ar.
550 4335 591 4384 ol.
666 4331 699 4399 1⁵)
718 4330 753 4383 io.
775 4332 871 4388 naas.
945 4329 977 4396 16)
998 4328 1032 4382 io.
1054 4332 1094 4396 13,
1106 4331 1148 4380 aa.
1170 4329 1265 4392 taes.
