3182 4908
663 329 859 390 -7-

172 508 204 570 in
238 512 365 571 textum
393 510 526 592 recepit,
561 509 659 571 ceteri
682 512 789 569 autem
814 525 925 569 omnes
949 507 1158 589 ,praetoriani
1182 506 1349 573 exhibent·

173 614 304 678 Primus
331 616 366 677 in
394 615 510 678 tradita
532 615 670 678 lectione
694 613 826 677 offendit
849 599 1195 696 careremus1),'quoc
1218 597 1349 678 Puteoli

173 715 326 806 oppidum
349 740 413 784 non
431 713 649 804 'municipium
677 719 733 784 sed
756 719 881 783 colonia
903 719 1008 785 fuerit.
1055 719 1251 784 Sententiam
1276 723 1348 784 eius

174 831 276 892 secuti
308 833 384 892 sunt
416 827 597 911 complures
628 827 690 889 viri
720 827 806 890 docti
814 831 853 909 3),
887 842 1025 910 quorum
1054 828 1106 890 alii
1130 827 1214 890 alius
1236 827 1346 910 oppidi

173 954 289 999 nomen
311 938 558 1018 proposuerunt,
588 938 624 999 ut
645 933 781 1016 Reatini,
804 933 1050 1016 Praeteritum),
1079 934 1235 1014 Arretini,
1265 951 1346 1015 quos

174 1035 282 1105 omnes
314 1041 463 1104 refutavit
486 1037 674 1122 Orelliuse),
707 1041 763 1122 qui
786 1039 987 1103 Praenestini
1010 1041 1044 1102 in
1068 1045 1193 1104 textum
1217 1041 1345 1122 recepit.

157 1139 294 1211 'Deinde
322 1146 629 1225 Vollenhovenius⁵)
662 1165 779 1210 nomon
817 1148 983 1230 proprium
1021 1148 1151 1210 omnino
1183 1147 1244 1210 isto
1275 1148 1347 1210 loco

172 1255 346 1318 tenendum
369 1273 434 1316 nou
459 1269 528 1316 asse
551 1254 689 1334 censuit,
720 1252 777 1316 sed
805 1254 874 1336 ipse
897 1253 1086 1315 sententiam
1109 1253 1191 1316 hanc
1218 1255 1347 1318 missam

171 1361 254 1442 tecit,
274 1361 361 1444 quod
376 1359 502 1423 sublato
520 1348 651 1423 no'mine
670 1361 797 1442 proprio
816 1377 883 1422 uon
902 1357 1136 1422 exstaretullus
1153 1361 1187 1422 in
1202 1353 1347 1424 veterum

172 1469 309 1551 scriptis¹
329 1467 433 1546 loona,
465 1467 567 1544 unde,
600 1485 682 1548 quae
714 1465 811 1529 Caelii
843 1467 944 1549 patria
970 1465 1098 1547 fuisset,
1134 1467 1345 1550 colligeretur.

172 1574 249 1637 Ideo
280 1573 498 1655 ,Vemnenses‘
528 1574 592 1657 legi
619 1572 692 1635 vult
713 1575 836 1635 ratione
858 1573 965 1636 habita
987 1571 1173 1655 verborum,
1205 1576 1347 1656 quaein

173 1680 291 1744 Catulli
320 1683 459 1744 carmine
486 1682 659 1744 centesimo
682 1679 850 1762 habemus,
882 1681 922 1743 de
951 1679 1077 1763 quibus,
1102 1679 1230 1762 quaudo
1253 1680 1349 1744 nobis

174 1786 213 1850 de
237 1786 335 1850 Caelii
359 1807 433 1851 cum
458 1785 582 1850 Catullo
606 1787 838 1850 consuetudine
859 1801 912 1850 res
935 1788 1008 1868 erit,
1038 1791 1148 1850 nostra
1171 1787 1345 1851 afferemus.

174 1893 324 1958 Baiterus
353 1912 449 1978 porro
473 1893 660 1975 ,Tusculani
688 1895 725 1955 in
753 1898 879 1956 textum
901 1895 1038 1956 inseruit
1046 1891 1080 1975 3),
1112 1902 1194 1975 puae
1218 1893 1347 1975 quidem

175 2003 359 2064 coniectura
387 2020 461 2064 cum
484 1999 566 2063 bene
595 1999 636 2063 sit
657 1991 802 2082 inventa,
834 2006 942 2064 tamen
965 1985 1106 2064 veritatis
1127 2001 1268 2083 speciem
1291 2001 1348 2062 vin

173 2127 249 2191 prae
291 2128 325 2172 se
366 2108 426 2172 fert
435 2108 467 2190 ⁷).
527 2105 780 2190 Wegehauptius
789 2108 812 2186 3)
854 2108 992 2190 denique
1034 2089 1348 2171 (laelium'fortesse

174 2213 355 2278 Cumanum
376 2215 477 2278 fuisse
500 2218 592 2297 putat
614 2218 743 2297 propter
771 2213 906 2276 crimina
934 2215 968 2276 in
993 2233 1068 2277 eum
1092 2212 1130 2277 ab
1144 2216 1347 2277 accusatoria·
1418 2222 1422 2229 '

172 2322 234 2386 bus
264 2320 400 2405 delata9)
433 2329 464 2386 et
501 2325 631 2405 propter
668 2322 886 2403 possessiones
929 2325 1075 2403 paternas
1111 2323 1147 2384 iu
1178 2301 1346 2401 331333)

175 2428 291 2494 Cumas
324 2431 410 2494 enim
442 2434 473 2492 et
505 2447 604 2512 prope
635 2425 685 2490 Pu
687 2426 853 2490 tteolos
821 2433 853 2490 et
875 2424 1042 2510 Neapolim
1078 2426 1158 2491 sitas
1187 2445 1270 2510 esse,

174 2535 342 2600 Cumanus
365 2537 444 2600 haec
466 2536 536 2598 loca
563 2533 714 2600 facillime
743 2532 874 2615 obeat,
823 2538 941 2598 tneo
962 2533 1058 2636 longe
1082 2537 1203 2598 armari
1221 2431 1348 2618 abossuo,

172 2651 208 2706 ut
241 2663 314 2706 eum
346 2645 381 2706 in
414 2642 549 2706 Africa
546 2637 717 2724 ···negotiari
742 2642 861 2703 mirum
893 2654 960 2704 non
992 2642 1043 2704 sit.
1020 2640 1161 2705 tSerl
1182 2662 1256 2724 our,
1291 2640 1348 2726 qui

173 2752 342 2812 remotiore
371 2751 492 2812 amari
519 2749 590 2812 loco
619 2747 740 2811 habitet
709 2755 752 2829 et,
782 2749 999 2831 possessiones
1028 2736 1255 2814 transmarinas
1285 2748 1348 2813 sibi

173 2875 284 2938 parare
311 2875 377 2918 nou
405 2857 519 2939 possit,
549 2875 615 2918 non
643 2855 804 2937 intellege.
851 2853 932 2917 Cum
955 2861 1062 2920 autem
1086 2854 1230 2920 Caelitum
1252 2853 1348 2918 Baias

173 2962 393 3045 frequentasse
403 2959 442 3041 11)
461 2965 574 3024 notum
593 2963 643 3042 sit,
667 2963 742 3024 satis
760 2961 871 3024 habuit
889 2949 1075 3041 occasionis,
1089 2970 1135 3027 ‘ut
1152 2963 1348 3026 vicinitatem

175 3072 387 3152 cognosceret.
433 3065 502 3130 lam
526 3074 670 3152 apparet,
701 3067 844 3152 singulas
878 3084 965 3152 quas'
985 3068 1082 3134 attuli·
1107 3072 1250 3132 virorum
1274 3069 1348 3132 doo-

175 3245 319 3300 Puteolani
337 3245 482 3312 desumpta
500 3230 569 3311 exp
589 3248 631 3299 23.
669 3244 760 3298 Verba
787 3244 892 3298 absenti
919 3244 955 3299 M.
980 3245 1051 3300 Cael.
1079 3239 1206 3299 lacunam
1233 3245 1348 3299 Parisini

118 3363 121 3366 ·
170 3335 299 3389 indicant.
336 3333 454 3402 Barwes,
474 3335 577 3402 quaest.
597 3333 665 3402 tull,
685 3333 755 3387 Gott.
778 3338 854 3402 1868,
873 3351 898 3402 p.
918 3338 970 3403 23,
989 3333 1175 3403 ‚priestutiani‘
1195 3350 1224 3388 so
1242 3334 1270 3387 in
1289 3334 1346 3388 ood.

171 3425 272 3494 legisse
291 3422 437 3478 contendit.

265 3513 285 3582 ¹)
305 3511 343 3570 M.
361 3511 430 3566 Tull.
450 3512 505 3567 Cic.
525 3528 566 3580 op
585 3514 649 3566 tom.
668 3511 705 3566 X.
724 3529 750 3581 p.
769 3516 830 3567 384.

261 3601 400 3670 ³)Fuaius
417 3617 476 3654 rem
494 3599 798 3671 tractavitMadvigius·
818 3611 910 3670 opusc.
927 3603 1000 3656 acad.
1012 3602 1108 3671 priora,
1126 3602 1258 3691 Hauniae
1270 3608 1346 3671 1334,

173 3707 196 3758 p.
217 3695 269 3745 375
287 3707 327 3760 sq.
1066 3709 1071 3731 ι
1206 3693 1210 3732 ῐ

262 3779 443 3848 ceruleus,
463 3796 545 3848 quom
563 3779 709 3834 Barwasl.
728 3779 877 3833 lseoutus
896 3782 975 3834 cst.

262 3865 333 3934 )ιιι
351 3868 392 3922 ed.
410 3885 436 3936 p.
457 3867 528 3922 Cael
549 3883 596 3935 or,
614 3868 704 3922 Turici
725 3873 803 3935 1832,
822 3885 848 3937 p.
870 3871 912 3924 10.
1078 3905 1081 3914 ,

260 3955 373 4024 ⁶)disp.
392 3957 425 4011 tle
448 3959 554 4011 emend.
573 3909 675 4025 aliquot
692 3956 743 4012 loc.
763 3974 798 4010 ex
816 3973 853 4012 or.
873 3957 932 4012 tull.
951 3976 978 4027 p.
998 3958 1068 4013 Cael
1088 3958 1158 4027 hab,
1178 3958 1265 4027 Lugd.
1285 3956 1345 4011 Bet.

173 4049 249 4115 1339,
268 4062 294 4114 p.
316 4049 356 4100 16.

261 4135 330 4204 3)1ιι
348 4133 460 4202 appono
480 4134 521 4187 ed.
541 4133 622 4188 Orell.
640 4151 667 4202 p.
689 4139 765 4190 1451.
836 4137 857 4205 3)
875 4135 1036 4204 Wramplm.
1055 4152 1081 4204 p.
1101 4141 1161 4190 5.
1158 4135 1251 4204 ')p
1272 4137 1346 4202 2aq.

259 4221 282 4291 3)
301 4238 326 4290 p.
346 4221 416 4276 Cael
438 4225 480 4290 10,
491 4226 533 4277 23.
608 4223 640 4291 ¹⁰)
653 4223 695 4278 ib.
715 4227 758 4292 80,
769 4228 811 4279 73.

244 4311 276 4381 ¹1)
295 4311 331 4364 ib.
353 4316 394 4379 11,
406 4315 448 4366 27.
470 4315 511 4380 16,
523 4315 558 4366 38
577 4327 648 4379 saep.
