3182 4908
745 269 966 330 „10-

269 445 432 527 percipere
470 451 592 528 posset,
631 445 747 508 usitato
781 461 870 507 more
900 443 1021 508 diutius
1054 444 1185 516 domum
1219 445 1288 510 eius
1321 444 1442 527 obiit.1)

270 551 357 614 Ante
381 569 501 614 annum
526 548 650 636 690s64
678 552 764 614 enirn
792 570 968 633 numquam
994 550 1033 614 ab
1058 569 1095 614 eo
1118 550 1293 634 recessitll
1341 550 1444 626 Quare

270 676 336 721 non
358 658 433 721 licet
455 659 563 722 mirari
586 659 738 722 virtutem
765 657 979 720 adulescentis
1004 659 1173 724 oratoriam
1199 663 1322 722 tantam
1346 661 1442 722 exsti·

269 766 358 846 tissa,
397 768 433 854 ut
470 764 565 827 ctiam
597 768 833 847 praeceptorem
867 763 1002 827 dicendo
1034 764 1206 847 aliquando
1239 765 1442 848 superaretll,

269 875 369 953 utque
392 871 576 954 posterioris
600 871 711 933 aetatis
733 871 795 932 viri
814 869 924 934 diserti
947 876 1042 954 atque
1065 871 1181 934 eruditi
1205 871 1338 934 summis
1355 871 1441 934 illam

268 975 419 1041 laudibus
453 975 645 1058 ornarent.4)
690 975 754 1040 Per
781 975 862 1039 illud
894 982 1020 1060 tempus
1054 976 1180 1041 Caelius
1212 977 1444 1040 honestissimis

270 1084 384 1147 studiis
408 1090 503 1165 atque
527 1082 649 1146 artibus
672 1086 776 1148 totum
800 1102 835 1146 se
858 1082 948 1146 dedit
970 1089 1016 1166 et,
1045 1083 1131 1168 quod
1162 1082 1311 1147 omnibus
1334 1085 1444 1147 aetatis

271 1208 347 1272 suae
370 1190 504 1274 propriis
527 1189 699 1255 virtutibus
726 1189 890 1273 praeditus
918 1190 1061 1272 virisque
1084 1190 1177 1256 bonis
1200 1188 1445 1272 probatissimus

269 1295 344 1377 fuit,
368 1296 486 1379 dignus
509 1301 556 1360 est
578 1295 718 1378 babitus,
743 1297 797 1379 qui
822 1277 978 1360 maiorum
1001 1303 1079 1360 natu
1103 1297 1253 1374 amicitiis
1275 1296 1444 1378 frueretur,

272 1421 408 1485 quorum
436 1403 556 1466 imitari
585 1404 734 1486 exempla
756 1402 817 1487 sibi
839 1403 1097 1486 proposuissem).
1141 1401 1256 1485 Itaque
1283 1403 1350 1476 iarn
1376 1408 1442 1466 tum

222 1533 225 1540 ·
272 1509 425 1590 eundem,
459 1527 555 1591 quem
587 1511 700 1592 optimi
732 1531 774 1578 ao,
800 1509 1002 1590 nobilissimi,
1033 1515 1141 1592 petere
1179 1528 1309 1584 cursum
1339 1509 1445 1577 laudis

270 1618 358 1680 visus
382 1621 443 1697 est,
472 1621 569 1698 atque
602 1635 675 1680 cum
703 1617 819 1680 illustri
843 1622 924 1681 esset
945 1616 1119 1700 ingenioE),
1146 1635 1207 1680 neo
1228 1616 1320 1681 labor
1343 1623 1374 1682 et
1395 1618 1445 1680 in-

272 1724 395 1804 dustria
426 1724 455 1786 ei
480 1723 638 1805 deessent,
671 1728 708 1786 ut
737 1723 980 1807 diligentissima
1011 1725 1046 1786 in
1077 1722 1146 1786 foro
1180 1729 1211 1787 et
1242 1725 1278 1786 in
1309 1726 1446 1808 negotiis

270 1835 452 1898 versaretur
461 1831 493 1911 l),
510 1826 716 1897 fundamenta
733 1832 809 1912 iecit
826 1830 927 1894 famae
946 1831 1107 1910 oratoriae,
1132 1850 1229 1912 quam
1249 1836 1280 1896 et
1299 1831 1445 1914 aequales

271 1945 302 2020 et
330 1939 450 2020 posteri
473 1938 503 2000 ei
526 1936 715 2002 tribuerunt.
762 1935 831 2000 Etsi
860 1956 926 2000 non
953 1956 1109 2020 negamus
1137 1935 1321 2002 Ciceronem
1353 1938 1446 2002 disci-

271 2044 386 2126 pulum
420 2043 609 2114 familiarem
645 2043 822 2109 maioribus
858 2043 909 2106 his
948 2063 1045 2126 quam
1080 2063 1138 2127 par
1169 2043 1264 2108 fuerit
1295 2045 1446 2109 laudibus

272 2169 409 2230 ornasse,
433 2155 540 2214 tamen
563 2171 631 2214 non
653 2171 763 2216 omnes
786 2152 944 2214 immerito
967 2153 1003 2217 in
1026 2169 1100 2214 eum
1119 2150 1249 2214 collatas
1267 2170 1336 2216 esse
1354 2157 1444 2235 puta-

270 2277 350 2320 mus.
396 2255 552 2339 Magnum
580 2260 666 2322 enim
700 2259 851 2341 temporis
874 2259 1026 2340 spatium,
1058 2257 1144 2340 quod
1167 2278 1233 2321 una
1256 2278 1331 2322 oum
1354 2279 1445 2343 prae-

272 2364 465 2426 stantissimo
490 2369 613 2428 oratore
637 2367 769 2447 eiusque
793 2364 935 2446 amieise)
958 2364 1053 2447 degit,
1077 2366 1296 2428 testimonium
1320 2369 1367 2428 est
1390 2365 1445 2428 bo-

272 2490 388 2534 norum
406 2489 533 2533 morum
552 2476 647 2554 atque
666 2471 844 2548 studiorum
860 2470 1076 2553 honestorum,
1096 2491 1177 2554 quae
1191 2477 1302 2554 postea
1318 2471 1446 2555 quidem

271 2577 488 2640 inconstantia
511 2576 723 2642 adulescentis
742 2582 774 2641 ct
792 2576 988 2659 temporibus
1012 2563 1184 2660 depravata
1206 2584 1288 2642 sunt.
1332 2580 1447 2643 Aciem

272 2688 378 2747 autem
410 2685 527 2747 mentis
559 2689 590 2748 et
622 2686 742 2766 causis,
775 2702 855 2766 quas
887 2684 953 2766 egit
981 2683 1016 2746 in
1039 2684 1159 2749 iudicio
1169 2684 1202 2767 ⁹),
1235 2689 1266 2748 et
1294 2685 1449 2769 epistulis,

273 2809 352 2872 quas
383 2790 422 2854 de
453 2789 550 2854 rebus
577 2790 714 2874 publicis
742 2790 782 2853 ad
811 2788 995 2854 Ciceronem
1027 2792 1062 2854 in
1085 2790 1196 2865 Cilicia
1224 2792 1447 2875 proconsulem

272 2899 523 2981 conscripsit10),
555 2897 715 2982 probavit,
752 2903 788 2960 ut
814 2897 868 2962 hio
891 2899 959 2962 iure
992 2916 1064 2961 eum
1094 2899 1257 2964 hominem
1285 2900 1380 2982 longe
1412 2900 1449 2962 in

273 3103 486 3111 ..ψ-

362 3236 369 3264 ¹
420 3276 426 3288 .
447 3238 471 3288 6.

360 3235 382 3390 ⁹3
400 3251 426 3391 ξ.
447 3322 518 3376 Cael.
538 3328 563 3390 4,
584 3327 630 3388 103
649 3323 716 3377 haec
734 3323 816 3376 verba
835 3321 925 3391 magni
943 3321 1073 3374 momenti
1090 3337 1150 3375 esse
1169 3321 1237 3376 mihi
1256 3323 1390 3388 videntur,
1416 3329 1451 3378 ut

273 3413 489 3465 demonstremus
508 3411 627 3466 Caelium
654 3429 707 3466 non
735 3415 795 3465 ante
820 3427 919 3464 annum
945 3411 1045 3480 669f85
1069 3413 1163 3464 natum
1183 3427 1249 3466 esse.
1287 3411 1355 3467 Cum
1374 3414 1448 3467 enim

273 3501 335 3553 inde
355 3499 388 3553 ab
407 3515 475 3555 auno
494 3503 595 3571 oeefco
615 3485 722 3571 singula
741 3502 905 3567 enarrentur,
926 3499 1075 3553 verisimile
1093 3516 1148 3553 non
1166 3504 1279 3554 osteum
1289 3501 1375 3556 multo
1385 3506 1450 3557 ante

275 3590 308 3642 ad
328 3588 484 3643 Ciceronem
508 3590 653 3644 deductum
677 3605 744 3644 esse.
783 3589 879 3643 Verbis
898 3591 1045 3657 praeterea,
1074 3605 1142 3657 quae
1171 3595 1329 3659 sequuntur,
1358 3592 1450 3647 doceri

272 3678 341 3732 mihi
353 3677 463 3732 ridetur
474 3679 552 3732 illum
563 3697 618 3734 non
632 3679 747 3748 amplius
763 3679 880 3748 quinque
896 3693 980 3732 annos
989 3678 1073 3732 buius
1083 3679 1276 3732 consuetudine
1287 3695 1367 3734 usum
1378 3697 1450 3736 esse.

361 3767 383 3836 ⁰)
406 3767 551 3821 Antonium
570 3768 709 3822 maiestate
729 3771 756 3821 et
774 3767 958 3822 coniuratione
977 3767 1117 3822 damnans.

362 3857 384 3926 ⁴)
404 3857 459 3911 Cio.
479 3855 556 3909 Bmt.
576 3860 619 3924 79,
639 3859 699 3911 273.
724 3857 784 3912 Tac.
804 3857 866 3911 dial.
883 3861 923 3911 17.
944 3860 986 3910 21.
1007 3859 1049 3912 25.
1081 3856 1170 3922 Quint
1191 3861 1231 3926 10,
1253 3863 1347 3927 1,115.
1368 3862 1451 3927 225.

275 3950 315 4013 1‘2,
337 3949 431 4014 10,11.
451 3945 521 3999 Vell.
543 3949 567 4012 2,
587 3950 629 4000 36.
650 3949 691 4000 08.

362 4035 384 4104 ⁶)
402 4053 428 4105 p.
448 4035 519 4090 Cael.
539 4039 582 4103 30,
602 4039 644 4090 72.
719 4036 739 4105 8)
757 4036 794 4090 ib.
817 4041 883 4104 1,1.
958 4036 979 4104 ⁷)
996 4034 1031 4088 ib.
1051 4039 1094 4098 31,
1113 4039 1155 4090 74.

362 4126 384 4194 ⁸)
403 4124 538 4193 imprimis
557 4123 593 4176 M.
613 4123 721 4191 Crasso,
740 4125 775 4179 ib.
795 4129 820 4194 4,
834 4129 858 4178 9.

362 4215 384 4284 ⁹)
403 4230 453 4268 suo
481 4213 573 4267 ordine
603 4212 730 4280 temporis
758 4213 861 4267 ratione
879 4213 973 4268 habita
991 4214 1024 4266 de
1049 4212 1165 4282 singulis
1185 4214 1273 4268 acturi
1298 4229 1399 4267 sumus.

262 4315 268 4330 ⁵
353 4302 385 4372 ¹⁰)
405 4320 463 4372 epp.
483 4302 517 4356 ad
535 4303 597 4356 fam.
608 4305 633 4369 8,
655 4307 748 4371 1-14,
768 4319 833 4371 quas
852 4306 944 4371 postea
961 4305 1069 4356 secutae
1088 4305 1152 4356 sunt
1173 4308 1299 4359 te-lv
