3182 4908
696 318 926 378 ..42-

225 511 243 554 e
265 499 360 574 gente
383 493 517 576 patricia
541 497 629 556 ortus
653 499 729 578 erat,
745 492 853 558 Cicero
874 499 981 557 autem
1005 498 1179 577 exoptaret,
1202 500 1240 558 nt
1262 495 1334 558 talis
1352 497 1402 558 vir

198 597 324 662 .filiam
354 600 391 661 in
423 600 662 662 matrimonium
695 599 831 664 duceret.
843 600 867 682 1)
914 598 1019 674 Quare
1051 601 1223 664 verisimile
1254 620 1322 664 non
1354 607 1402 664 est

227 704 411 776 Ciceronem
434 706 583 770 homines
605 707 686 788 illos,
710 708 766 788 qui
788 727 845 789 pro
868 707 933 770 Tib.
956 705 1084 770 Nerone
1108 726 1182 770 cum
1201 707 1347 772 Terentia
1371 714 1403 771 et

224 811 329 875 Tullia
352 815 529 895 agerent2),
552 819 623 876 turn
657 813 786 876 demum
820 832 861 876 ex
894 812 1005 876 Cilicia
1035 813 1171 894 misisse,
1203 833 1277 878 cum
1309 817 1403 878 seivit

225 916 423 982 Dolabellam
445 919 567 982 Tulliae
591 920 726 983 studere.
773 921 882 1002 Atque
906 940 981 984 cum
1004 919 1053 982 illi
1074 918 1166 982 factis
1199 921 1402 1003 sponsalibus

224 1027 259 1087 in
281 1024 395 1088 urbem
417 1029 610 1107 venerintb,
634 1033 763 1110 apparet
784 1027 921 1091 Tulliam
945 1027 1079 1091 celerius
1103 1026 1292 1110 desponsam
1325 1047 1402 1109 esse,

226 1151 323 1214 quam
352 1137 442 1214 pater
463 1132 531 1196 fore
556 1138 704 1216 sperarat.
750 1134 844 1198 Adde
866 1136 968 1218 ipsius
1000 1131 1114 1196 verba:
1149 1151 1226 1217 ,ego,
1260 1135 1338 1197 dum
1367 1136 1402 1196 in

224 1239 389 1321 provincia
409 1237 557 1309 omnibus
576 1239 672 1303 rebus
686 1240 828 1323 Appium
848 1260 935 1322 orno,
959 1239 1065 1303 subito
1088 1239 1192 1302 factus
1215 1259 1288 1302 sum
1310 1259 1402 1303 accu-

225 1347 338 1408 satoris
371 1347 440 1408 eius
464 1347 574 1410 socer‘.
621 1346 720 1429 Appii
752 1333 865 1410 autem¹
891 1366 988 1410 causa
1020 1346 1059 1410 de
1091 1347 1272 1427 maiestate,
1306 1366 1403 1429 quam

227 1451 325 1515 verba
349 1451 537 1535 spectante,
570 1456 642 1515 acta
665 1458 712 1516 est
743 1451 825 1520 Non.
858 1452 986 1537 Apr.⁵),
1018 1454 1219 1535 nuntiusque
1250 1453 1404 1516 victoriae

224 1558 325 1641 Appii
348 1556 494 1622 Ciceroni
517 1559 631 1624 allatus
655 1559 714 1622 snb
738 1559 836 1626 finem
866 1561 986 1624 mensis
1008 1557 1082 1622 Mai.
1129 1561 1272 1643 Apparet
1303 1561 1403 1643 igitur

225 1665 363 1728 Tulliam
387 1669 479 1728 antea
502 1665 687 1730 collocatam
711 1685 787 1732 esse.
826 1665 875 1730 De
883 1665 1050 1730 Hortensii
1074 1669 1182 1728 antem
1204 1672 1306 1729 morte
1325 1666 1403 1728 haec

225 1770 393 1835 habemns:

313 1876 408 1942 Diem
441 1899 626 1963 supremum
659 1880 737 1943 obiit
767 1883 936 1964 perpaucis
961 1878 1073 1943 diebus
1108 1883 1180 1961 post
1209 1899 1305 1961 quam
1329 1898 1403 1942 cum

225 1985 325 2048 Bruto
349 1986 492 2069 Appium
516 1986 663 2050 defendit.
673 1985 698 2070 6)
743 1987 846 2070 Atqui
868 1987 995 2070 Appius
1019 1984 1146 2049 duobus
1174 1985 1273 2050 simul
1296 1987 1403 2048 crimi-

224 2091 320 2157 nibus
344 2097 512 2157 accusatus
535 2093 605 2175 fuit,
628 2093 803 2157 maiestatis
827 2098 859 2158 et
882 2092 1065 2176 multaab
1112 2091 1216 2156 Causa
1245 2091 1301 2154 illa
1333 2096 1403 2155 acta

225 2202 274 2280 est
295 2197 326 2261 N
329 2217 378 2261 on.
403 2204 490 2282 Apr,
513 2199 593 2262 haec
615 2205 755 2264 exeunte
776 2220 886 2265 mense
904 2199 1023 2280 Maioss)
1047 2198 1099 2263 vel
1121 2201 1255 2262 ineunte
1270 2197 1404 2280 Iunio.⁹)

226 2303 398 2379 Quaeritur
420 2307 530 2388 igitur,
555 2325 652 2387 quam
684 2325 813 2370 eausam
835 2306 1028 2370 Hortensius
1061 2325 1137 2370 oum
1160 2305 1263 2368 Bruto
1296 2305 1404 2368 defen-

226 2411 314 2475 derit.
360 2411 504 2475 Profecto
529 2412 569 2476 de
592 2413 763 2476 maiestate.
772 2413 810 2494 10)
856 2411 904 2476 De
936 2413 997 2476 hoo
1030 2413 1116 2476 enim
1148 2412 1268 2476 iudicio
1294 2413 1404 2476 Oicero

225 2517 265 2580 ad
288 2537 363 2582 eum
386 2519 512 2601 scripsit
522 2519 578 2598 11):
607 2518 886 2595 ,iucundissimum
909 2519 988 2582 mihi
1010 2519 1081 2600 init,
1106 2518 1193 2602 quod
1216 2517 1351 2602 Pompei
1374 2525 1406 2582 et

226 2623 322 2688 Bruti
344 2623 442 2687 fidem
460 2622 783 2707 benevolentiamque
800 2625 935 2688 mirifice
957 2624 1084 2689 laudas:
1108 2626 1210 2689 laetor
1231 2627 1350 2689 virtute
1374 2631 1406 2689 et

226 2731 331 2794 officio
365 2750 440 2794 cum
472 2737 602 2795 tuorum
634 2733 902 2812 necessariorum,
944 2751 1091 2796 meorum
1128 2734 1404 2813 amicissimorum,

139 2851 140 2854 ’
228 2843 298 2902 tum
322 2838 453 2926 alterius
477 2840 622 2902 omnium
646 2839 849 2902 saeculorum
873 2845 904 2903 et
922 2839 1069 2923 gentium
1086 2840 1250 2923 principis,
1274 2839 1405 2902 alterius

131 3006 138 3019 ,
224 2947 289 3008 iam
321 2944 447 3028 pridem
469 2946 655 3028 inventutis,
685 2946 838 3022 celeriter,
870 2950 907 3008 nt
939 2964 1044 3029 spero,
1077 2947 1233 3012 civitatis‘.
1281 2945 1405 3021 Quibus

226 3071 300 3116 cum
324 3050 432 3116 verbis
456 3054 484 3116 si
508 3053 748 3137 contulerimus,
773 3071 854 3136 quae
869 3051 978 3116 Oioero
1002 3052 1114 3117 eadem
1134 3053 1172 3117 de
1192 3051 1404 3118 oausaanlio

225 3160 472 3244 perscripsitffl),
504 3160 671 3224 nonlicet
695 3159 849 3236 dubitare,
873 3141 982 3222 nuum
1005 3159 1199 3224 Hortensius
1219 3159 1406 3243 Brutusque

225 3267 370 3350 Appium
393 3268 428 3329 in
452 3286 550 3340 causa
571 3267 735 3330 maestatis
759 3286 801 3329 an
824 3266 964 3330 ambitus
988 3266 1197 3332 defenderint.

317 3372 379 3436 Sed
402 3373 541 3456 fuerunt,
567 3375 623 3456 qui
645 3373 722 3437 ferri
743 3393 810 3437 non
833 3392 927 3456 posse
956 3378 1106 3457 putarent
1137 3374 1219 3442 hanc
1251 3375 1406 3438 sententi-

228 3499 279 3542 am
289 3482 345 3562 13),
369 3483 422 3543 cui
446 3480 610 3544 obstarent
632 3480 790 3544 nonnulla
807 3484 954 3543 veterum
972 3480 1063 3544 dicta.
1088 3478 1275 3561 Videamus,
1299 3481 1408 3564 qualia

318 3729 339 3796 ¹)
357 3728 452 3782 Drum.
471 3726 489 3782 l.
509 3727 526 3782 l.
601 3727 622 3796 2)
642 3729 750 3782 adAtt.
771 3733 795 3797 6,
815 3732 839 3795 6,
862 3735 884 3782 1.

317 3817 339 3886 3)
359 3803 468 3871 aelst.
487 3817 524 3870 n.
597 3817 620 3876 u
640 3817 755 3872 auram.
774 3821 799 3884 e,
820 3822 845 3871 e.
919 3816 941 3885 5)
960 3816 996 3870 u.
1016 3821 1042 3883 3,
1063 3820 1104 3884 11,
1126 3820 1148 3869 1.

318 3908 339 3976 8)
358 3905 434 3961 Brut.
455 3911 497 3974 64,
517 3910 577 3961 230.
598 3910 641 3974 94,
660 3909 720 3960 324.
795 3906 816 3976 ⁷)
836 3906 869 3960 ad
887 3906 949 3960 fam.
969 3910 994 3974 3,
1016 3908 1056 3973 11,
1076 3908 1100 3958 2.

317 3997 340 4066 ⁸)
357 3996 449 4066 Longe
466 3995 516 4065 111,
536 3999 596 4050 398.
670 3995 692 4065 ⁹)
711 3996 743 4049 cf.
763 3996 796 4049 ad
814 3996 877 4050 fam.
897 4001 922 4064 3,
944 3997 985 4048 12.
1007 3998 1047 4048 13.

299 4087 332 4156 ¹⁰)
351 4086 446 4140 lirum.
465 4084 514 4152 HI,
537 4087 595 4138 103.
632 4084 721 4152 Pauly
737 4083 774 4152 Π,
794 4089 854 4139 414.
891 4084 981 4154 Lange
998 4083 1050 4153 ΠΙ,
1068 4087 1129 4139 398.

299 4176 332 4245 ¹¹)
351 4176 386 4230 ad
405 4174 469 4229 lam.
489 4179 514 4242 3,
535 4177 576 4241 11,
596 4177 620 4227 3.
696 4172 937 4243 ²²)ib.2,13,2.

301 4265 334 4334 ¹³)
353 4264 490 4320 Holmonn
508 4279 534 4331 p.
563 4265 597 4316 86
626 4278 666 4330 sq.
703 4261 803 4316 Nissen
830 4263 859 4316 in
885 4279 939 4317 von
967 4262 1062 4332 Sybels
1085 4262 1178 4316 histor.
1207 4260 1334 4314 Zeitschr.
1362 4263 1406 4326 46,

226 4371 252 4423 p.
272 4359 314 4409 68.
351 4353 419 4409 Moll
436 4370 462 4423 p.
484 4358 525 4408 56.
