3182 4908
643 317 841 378 ..9ss

154 499 226 560 iura
254 500 285 559 et
318 495 466 559 instituta
492 495 568 558 inde
591 493 776 558 habuerunt
786 495 817 574 1).
863 491 1013 576 Denique
1037 511 1078 557 ex
1101 495 1172 558 istis
1195 495 1329 558 oratoris

154 587 264 666 ¹verbis
294 619 362 664 non
394 602 570 665 necessario
601 602 742 665 sumitur
772 598 871 664 anlii
900 602 1034 683 patriam
1067 599 1219 684 oppidum
1247 602 1328 664 anti-

155 709 268 792 quitus
291 711 401 770 notum
425 707 536 789 fuisse,
569 727 644 771 cum
668 706 793 788 Cicero,
825 727 908 790 quae
936 706 977 770 ad
1004 708 1144 771 amicum
1166 707 1329 790 pertinent

156 815 299 896 honesta,
322 832 512 898 magnopere
535 816 670 878 auxent.

246 1131 398 1216 Operam,
423 1153 521 1216 quam
543 1138 634 1218 pater
657 1135 692 1219 in
715 1132 882 1197 educando
906 1151 1006 1216 puero
1031 1135 1242 1217 consumpsit,
1271 1135 1330 1198 etsi

156 1240 265 1304 Cicero
303 1241 402 1303 nimis
432 1239 571 1326 {tortasse
603 1239 761 1321 laudavit,
805 1244 914 1303 tamen
956 1238 1103 1302 educatio
1143 1239 1204 1302 lilii
1242 1241 1330 1302 unici

155 1365 292 1430 magnae
322 1347 352 1410 ei
380 1365 476 1410 curae
503 1347 603 1410 brisso
626 1346 762 1410 videtur.
808 1345 892 1409 Nam
915 1365 988 1409 carm
1012 1345 1216 1429 adolevisset,
1244 1352 1333 1430 pater

156 1473 222 1516 non
253 1454 318 1516 iam
353 1452 476 1517 destitit
506 1471 631 1534 curare,
663 1459 701 1518 ut
731 1452 883 1517 libidines
912 1455 981 1517 eius
1011 1457 1183 1532 coerceret,
1213 1453 1332 1535 itaque,

156 1579 356 1642 quamquam
386 1559 530 1643 locuples
560 1565 640 1641 orat,
672 1579 806 1644 parcum
830 1566 861 1624 et
883 1566 1027 1625 tenacem
1054 1573 1133 1642 ¹erga
1164 1558 1267 1622 lilium
1298 1579 1332 1622 se
1381 1563 1383 1570 '

154 1668 314 1750 praestitit
322 1667 357 1746 2).
375 1664 518 1730 Maxime
536 1671 643 1730 autem
657 1668 821 1750 spectarit,
835 1672 872 1731 ut
885 1668 1011 1731 indoles
1019 1660 1121 1749 'atque
1135 1667 1331 1750 ingeniuml)

156 1775 227 1838 eius
267 1767 451 1837 colerentur
488 1791 706 1857 magnamque
738 1757 911 1857 aliquando
944 1775 1085 1838 nominis
1121 1772 1239 1842 famam
1272 1773 1331 1836 sibi

157 1885 291 1963 pararet
337 1878 443 1955 Quam
477 1879 517 1943 ob
550 1899 618 1944 rem
650 1879 777 1944 Caelius
808 1886 937 1965 sumpta
968 1886 1042 1964 toga
1074 1879 1160 1942 virili
1193 1899 1211 1941 a
1242 1884 1332 1962 patre

157 1986 314 2050 deductus
338 1990 386 2050 est
409 1985 449 2048 ad
473 1985 657 2051 Ciceronem
667 1990 703 2070 4),
724 1987 870 2050 nondum
889 1989 1086 2071 praetorium
1105 1986 1161 2049 sed
1180 1985 1331 2068 eloquen-

158 2095 222 2156 tiae
252 2095 317 2156 iam
350 2097 381 2157 et
416 2091 583 2176 probitatis
616 2095 767 2178 opinione
799 2095 920 2158 clarum
952 2095 1105 2174 virum5),
1140 2097 1178 2155 ut
1210 2092 1331 2156 artibus

156 2199 343 2264 liberalibus
375 2199 565 2266 erudiretur.
620 2200 695 2265 Fuit
733 2203 820 2264 enim
848 2202 939 2265 illius
971 2199 1144 2284 singularis
1176 2199 1331 2282 quaedam

154 2306 236 2388 laus,
260 2310 297 2370 ut
319 2325 386 2370 non
405 2307 509 2370 solum
531 2309 601 2390 ipse
620 2307 721 2372 adiret
740 2327 851 2372 omnes
870 2308 1029 2371 humanae
1048 2307 1200 2370 scientiae
1218 2306 1331 2384 fontes

154 2413 213 2476 sed
233 2415 330 2476 etiam
349 2414 419 2478 aliis
434 2413 624 2498 patefaceret
639 2433 757 2498 eosque
771 2416 897 2500 ingenti
910 2415 1018 2478 studio
1036 2413 1164 2478 dicendi
1179 2414 1331 2496 impleret.

155 2519 237 2583 lude
259 2519 382 2585 factum
406 2527 467 2604 est,
496 2525 534 2585 ut
565 2523 623 2584 vix
646 2523 746 2586 alium
776 2525 810 2586 in
832 2523 948 2586 litteris
972 2522 1087 2586 ducem
1111 2519 1332 2583 adulescentes

154 2628 438 2710 circumspicerent
472 2647 578 2712 neque
618 2628 657 2692 ad
694 2629 793 2693 aliurn
830 2649 864 2693 se
897 2630 1095 2713 applicarent
1103 2629 1134 2707 ⁶).
1190 2625 1332 2689 Domum

155 2736 227 2798 eius
249 2735 535 2818 frequentaverunt
556 2737 692 2799 iuvenes
715 2735 840 2800 nobiles
863 2735 977 2818 Pansa,
999 2734 1135 2816 Hirtius,
1157 2732 1333 2813 Dolabella,

154 2841 312 2924 Plancus,
337 2841 469 2924 Calvus,
497 2842 599 2926 aliil),
630 2843 685 2925 qui
707 2845 883 2926 posteriore
906 2848 1009 2906 aetate
1031 2843 1208 2926 plurimum
1231 2840 1333 2903 famae

155 2949 368 3033 collegerunt,
391 2969 465 3014 cum
498 2949 612 3013 cotidie
634 2950 669 3011 in
691 2949 760 3012 foro
783 2951 903 3014 versati
926 2954 958 3014 et
980 2951 1169 3033 magistrum
1192 2949 1332 3031 vestigiis

154 3057 320 3120 consecuti
344 3075 487 3141 pugnare
509 3057 545 3118 in
567 3057 688 3140 proelio
713 3055 899 3120 didicissent
908 3058 941 3136 8).
982 3055 1092 3138 Atque
1112 3053 1239 3133 (laelius
1263 3056 1332 3136 qui-

154 3162 246 3245 dem,
280 3183 354 3254 ¹curn
384 3163 424 3227 iis
454 3168 588 3227 natiuae
620 3168 651 3227 et
679 3161 877 3226 educationis
909 3161 1002 3226 bonis
1036 3163 1212 3224 insturctus
1241 3166 1333 3242 esset,

153 3275 192 3333 ut
216 3289 258 3333 ex
282 3268 445 3334 Ciceronis
469 3270 710 3352 consuetudine,
734 3289 772 3332 ac
790 3268 1002 3332 familiaritate
1020 3287 1175 3352 magnum
1192 3267 1333 3332 fructum

248 3519 269 3586 ¹)
287 3518 388 3574 Vocab.
403 3517 572 3588 ,municipos‘
584 3517 675 3572 Cicero
691 3534 722 3572 eo
736 3531 842 3586 quoque
856 3531 938 3570 sensu
951 3515 1047 3584 utitur,
1061 3516 1093 3568 ut
1106 3507 1333 3570 homineseodam

157 3605 217 3660 loco
236 3610 314 3662 natos
333 3607 535 3676 complectatur.
572 3606 675 3661 Brutus
701 3611 744 3676 70,
764 3609 824 3660 246.
853 3605 887 3658 ad
915 3602 990 3669 Quir.
1014 3622 1039 3674 p.
1064 3605 1120 3658 rad.
1140 3609 1218 3673 8,19.
1237 3604 1333 3670 ,Muni-

158 3694 268 3766 cipium‘
287 3699 377 3751 autom
396 3713 495 3751 noman
514 3713 576 3750 cum
604 3695 727 3764 ,colonia‘
751 3694 858 3763 saepius
883 3693 1061 3748 contunditur.
1081 3695 1122 3748 ad.
1141 3695 1206 3749 lam.
1230 3699 1271 3761 13,
1293 3699 1333 3748 13,

249 3785 270 3854 ²)
288 3803 313 3855 p.
333 3791 349 3840 3
368 3802 407 3855 sq.
480 3785 502 3856 ³)
520 3803 547 3854 p.
566 3784 636 3840 Cael.
657 3789 715 3852 1,1.

247 3875 269 3945 ⁴)
287 3875 322 3929 ib.
343 3879 368 3942 4,
382 3879 404 3928 9.
427 3877 460 3930 cf.
478 3892 503 3944 p.
524 3879 563 3942 6·.
586 3873 744 3942 Marquardt
761 3872 837 3936 Rom.
856 3871 999 3926 Privatalt.
1017 3872 1039 3940 Ι,
1061 3875 1119 3926 126.

247 3964 269 4033 ⁵)
288 3964 491 4018 Wastermann:
512 3963 607 4018 Gesoh.
628 3963 652 4015 d.
671 3961 780 4015 Bereds.
798 3961 827 4015 II
846 3962 861 4028 ξ
881 3965 923 4028 62,
943 3964 985 4014 24.

246 4055 268 4120 0)
287 4053 396 4108 Ellendt
413 4071 439 4122 p.
462 4057 519 4108 123.

247 4143 470 4212 ²)ep..aotam.
499 4145 631 4210 e,16,7.
670 4144 755 4208 18,1.
802 4138 895 4205 Quint.
916 4145 941 4208 8,
961 4143 985 4207 2,
1004 4143 1030 4194 4.
1059 4145 1084 4207 3,
1106 4143 1147 4194 54.
1182 4142 1285 4206 1811,
1309 4141 1333 4191 6.

155 4229 266 4286 Ellendt
283 4231 302 4285 l.
321 4231 340 4285 l.

246 4322 268 4388 ⁶)
288 4321 349 4378 lac.
369 4321 431 4376 dial.
451 4337 474 4376 c.
489 4325 531 4376 34.
