3182 4908
607 285 824 345 -17-

128 465 349 528 adulescentes
378 461 501 524 nobiles
511 463 534 540 1)
563 459 783 541 versabantur,
814 462 869 543 qui
893 479 967 524 curn
991 480 1029 524 ee
1055 457 1245 523 libidinibus
1273 464 1305 524 et

127 570 347 655 voluptatibus
370 568 556 632 serviebant.
602 564 796 632 Notissimus
825 572 856 630 et
877 568 1168 650 praestantissimus
1192 587 1303 631 eorrun

129 679 274 741 Catullus
282 680 306 757 2)
329 681 422 760 poeta
445 681 505 756 est,
539 676 595 757 qui
619 673 724 737 Caelio
753 674 1022 737 familiarissimus
1045 680 1125 756 erat,
1158 675 1213 738 sed
1236 676 1305 738 sius

129 806 206 849 oum
230 784 342 848 Clodia
374 803 436 847 usu
469 782 643 845 domestico
676 781 715 845 ab
748 801 785 845 eo
818 779 972 845 alienatus
1002 783 1090 861 est.³)
1136 781 1185 845 Ita
1218 783 1305 846 euim

128 893 299 956 mulierem
322 891 383 954 sibi
406 889 590 953 conciliavit
613 888 820 972 studiumque
843 891 912 954 eius
936 907 1029 952 omne
1052 890 1088 951 in
1111 908 1144 952 se
1163 889 1305 969 contulit,

132 1007 168 1064 ut
191 998 351 1064 Catullum
375 997 546 1060 dimitteret
565 1015 770 1080 amoremque
790 997 858 1060 eius
878 1000 1049 1079 sperneret.
1086 995 1167 1066 Inde
1185 993 1306 1058 factum

131 1113 189 1189 est,
220 1112 255 1169 ut
277 1106 330 1168 hio
341 1103 553 1168 acerbissimis
576 1104 611 1164 in
629 1104 802 1187 pristinum
821 1105 960 1167 amioum
977 1101 1125 1166 versibus
1142 1102 1307 1166 invehere-

132 1221 197 1290 tur,
220 1218 341 1297 pestem
364 1211 535 1290 amicitiae,
558 1209 688 1273 crudele
710 1211 796 1273 vitae
819 1229 895 1273 suae
917 1229 1079 1273 venenum
1103 1228 1177 1272 eum
1201 1209 1330 1292 appel.

132 1323 221 1400 laret,
246 1319 332 1404 quod
355 1317 568 1381 familiaritate
590 1318 635 1380 ita
659 1317 777 1380 abusus
801 1322 892 1398 esset,
915 1323 951 1380 ut
969 1318 1077 1379 omnia
1094 1315 1179 1401 bona
1197 1320 1308 1398 poetae

134 1428 309 1512 eriperet.4]
355 1425 464 1506 Atque
492 1442 528 1486 eo
552 1425 705 1507 processit
727 1425 776 1486 ira
800 1422 928 1505 Catulli,
957 1429 993 1487 ut
1023 1425 1208 1507 turpissima
1229 1423 1310 1485 vitia

134 1539 166 1598 et
202 1532 430 1596 obscenissima
466 1531 586 1594 scelera
619 1529 723 1594 Caelio
759 1529 975 1613 exprobraret.
985 1532 1007 1611 5)
1065 1528 1170 1606 Quare
1203 1545 1308 1593 errare

135 1640 216 1703 milri
238 1637 399 1718 videntur,
430 1639 486 1719 qui
515 1643 628 1722 putant
656 1639 796 1721 priorem
827 1637 1000 1701 amicitiam
1030 1639 1115 1701 inter
1137 1642 1310 1720 unumque

136 1745 315 1807 restitutam
339 1761 416 1824 esse,
438 1750 606 1827 postquam
631 1743 757 1808 Caelius
776 1743 917 1807 Clodiam
943 1744 1081 1808 deseruit
1104 1749 1135 1807 et
1156 1743 1310 1806 inimicis-

138 1853 217 1914 sime
246 1869 319 1913 cum
348 1868 385 1911 ea
412 1870 503 1934 agere
530 1854 641 1935 coepit.
650 1855 673 1932 1)
719 1851 793 1914 Viri
823 1850 872 1913 illi
903 1851 987 1914 docti
1015 1853 1204 1915 sententiam
1228 1851 1311 1912 hano

138 1958 214 2022 inde
237 1958 407 2037 duxerunt,
432 1959 516 2040 quod
537 1958 678 2022 Catullus
698 1958 824 2021 duobus
843 1959 878 2020 in
897 1958 1125 2037 carminibusll
1148 1958 1311 2020 hominem

139 2064 290 2149 probatae
314 2065 472 2127 amicitiae
499 2064 641 2130 Caelium
671 2066 814 2150 appellat.
870 2064 932 2128 Sed
966 2071 1001 2128 ut
1031 2068 1196 2129 mittamus
1225 2063 1312 2147 quod
1389 2045 1392 2053 ¹

140 2174 221 2253 eius,
255 2172 293 2236 do
327 2190 390 2254 quo
418 2171 510 2235 nobis
536 2193 587 2236 res
618 2178 680 2255 est,
710 2173 774 2236 illis
806 2193 887 2256 quos
915 2172 1010 2236 modo
1039 2174 1208 2236 citavimus
1231 2172 1311 2234 locis

139 2279 240 2343 Rufus
271 2297 387 2342 nomen
416 2283 476 2360 est,
516 2282 593 2344 satis
626 2280 743 2344 multas
774 2280 876 2343 habeo
911 2299 1036 2350 causas,
1071 2299 1129 2344 cur
1161 2278 1312 2360 dubitem,

66 2406 70 2414 ’
138 2407 217 2450 num
242 2384 367 2450 Caelius
391 2383 506 2449 Catulli
529 2386 614 2450 idem
638 2387 679 2450 sit
702 2406 739 2450 ao
761 2385 872 2450 Rufus.
918 2385 971 2449 ux
994 2385 1111 2450 Cobilli
1134 2388 1221 2449 enirn
1245 2404 1312 2448 car-

137 2492 279 2556 minibus
303 2493 498 2577 oolliguntur
520 2495 646 2573 haeo⁸):
672 2492 798 2558 Caelius
822 2498 854 2558 et
878 2493 1037 2576 Quintius,
1059 2495 1195 2557 iuvenes
1213 2490 1313 2554 Vero·
1353 2510 1358 2520 ·

137 2619 267 2681 nenses,
298 2602 392 2664 novis
415 2599 551 2684 flagrant
574 2600 748 2679 amoribus-3
780 2602 836 2664 ille
861 2601 1063 2683 Aufilenum,
1090 2601 1143 2663 hic
1173 2617 1314 2662 sororem

138 2710 208 2770 eius
231 2707 306 2770 colit
361 2707 460 2769 Poeta
481 2707 530 2768 illi
553 2707 740 2788 gratulatur,
770 2709 857 2793 quod
881 2710 1052 2773 amicitiam
1076 2707 1138 2771 sibi
1164 2704 1315 2790 probarit,

139 2835 214 2878 cum
236 2814 305 2897 ipse
326 2814 423 2875 insito
445 2814 572 2895 penitus
596 2831 701 2878 amore
724 2815 861 2896 arderet,
885 2817 961 2880 huic
983 2817 1115 2878 minime
1137 2813 1236 2892 favet,
1260 2811 1316 2875 sed

139 2920 331 3006 persuadere
354 2916 475 3000 studet,
502 2923 540 2982 ut
560 2918 703 3000 puellam
725 2921 787 2983 sibi
810 2903 1005 2986 carissimam
1029 2922 1161 3005 diligere
1184 2920 1315 2984 desinat.

139 3031 249 3111 Atque
272 3023 493 3105 Schwabius9)
523 3025 652 3108 quidem
675 3032 766 3108 putat
788 3028 886 3091 verba
909 3029 964 3092 illa
988 3034 1025 3092 et.
1042 3048 1124 3111 quae
1147 3032 1252 3091 cetera
1275 3025 1316 3089 ad

139 3134 307 3198 Aufilenae
331 3150 473 3195 amorem
496 3135 657 3214 pertinent
680 3136 853 3218 composita
877 3154 954 3217 esse,
978 3141 1151 3219 antequam
1172 3132 1316 3224 Catullus

140 3242 270 3307 Verona
293 3241 395 3321 patria
417 3237 526 3300 relicta
539 3240 578 3323 ¹⁰)
607 3240 728 3306 Romae
752 3239 896 3305 Clodiam
923 3261 1029 3306 amare
1060 3241 1207 3325 coeperit.
1254 3237 1318 3304 Sed

231 3456 252 3526 ¹)
271 3473 293 3510 e.
313 3473 337 3526 g.
359 3440 526 3520 Cornificiae,
546 3451 692 3518 Quintilius
711 3453 808 3522 Vanae,
826 3451 943 3508 Helvius
963 3453 1052 3520 Cinna,
1072 3452 1196 3506 Licinius
1209 3451 1319 3518 Calvus,

147 3543 255 3597 Asinius
273 3545 368 3599 Pollio.
406 3542 529 3597 Boissier
545 3541 563 3595 1.
583 3541 600 3596 l.
620 3559 646 3612 p.
669 3547 726 3597 179.

231 3630 254 3698 ’)
272 3633 396 3687 Amicam
425 3632 492 3698 eius,
521 3648 602 3700 quam
625 3631 751 3686 Lesbiam
776 3631 843 3686 falso
867 3632 976 3686 nomine
1005 3619 1095 3700 (Ovid.
1120 3631 1189 3685 trist.
1210 3634 1235 3692 2,
1255 3629 1319 3697 427)

145 3716 268 3786 appellat,
287 3723 362 3777 ouius
383 3739 477 3776 verum
498 3721 589 3777 Clodia
608 3721 662 3774 fuit
680 3720 771 3791 (Apul.
782 3721 850 3789 apol.
867 3721 919 3790 16),
937 3721 1007 3774 hano
1027 3720 1158 3786 Clodiam,
1177 3719 1320 3772 mulierem

144 3805 249 3860 Helena
276 3809 406 3864 notiorem
430 3811 518 3881 (Pmp.
538 3816 563 3877 3,
587 3814 630 3878 32,
653 3812 697 3880 87)
721 3798 817 3878 luisse,
852 3809 1011 3866 Schwabius
1033 3809 1051 3863 1.
1070 3809 1089 3865 l.
1113 3808 1319 3864 demonstravit.

143 3895 235 3949 Minus
262 3895 332 3964 aptis
354 3901 519 3968 argumentis
543 3901 638 3953 contra
659 3916 721 3953 enm
754 3901 822 3969 disp.
850 3899 939 3970 Riese,
959 3915 1021 3957 ann.
1048 3898 1176 3953 Fleckeis.
1208 3902 1266 3965 106,
1293 3913 1318 3964 p.

145 3989 294 4040 viv-vso.
317 3974 411 4041 rara·
489 3985 492 3992 ·

233 4073 255 4144 8)
275 4073 332 4130 Cat.
352 4091 433 4130 carm.
453 4083 495 4134 77.
514 4079 555 4134 ed.
575 4078 665 4147 Riese,
687 4083 763 4133 1884.

233 4165 255 4234 ⁴)
275 4165 372 4221 Catull.
391 4163 409 4218 1.
428 4165 446 4221 l.
518 4168 540 4238 ⁵)
560 4184 597 4222 ec.
619 4157 661 4236 71,
682 4172 725 4235 69,
736 4172 778 4223 59.
853 4167 874 4236 ⁶)
894 4168 927 4222 cl.
947 4166 1078 4220 Schwabe
1095 4166 1113 4221 l.
1133 4165 1151 4218 l.
1170 4181 1195 4232 p.
1218 4166 1276 4217 142.

236 4254 257 4316 'l
277 4271 315 4310 00.
337 4260 396 4310 roo.
418 4249 461 4310 ss.
541 4258 563 4326 ⁸)
584 4274 621 4312 00.
645 4261 704 4315 roo.
724 4260 765 4311 sa.
839 4257 861 4326 ⁹)
880 4256 898 4310 r.
917 4256 936 4311 1.
955 4272 980 4323 p.
1002 4258 1060 4309 142.

218 4343 250 4412 ¹⁰)
270 4342 400 4414 Catullus,
414 4339 536 4400 Veronae
548 4350 629 4400 natus
645 4349 752 4413 osvlsv,
772 4333 886 4399 Romam
898 4329 1025 4414 migravit
1043 4359 1113 4397 anno
1134 4343 1189 4395 lere
1212 4340 1320 4412 687l67.

1109 4434 1125 4484 2
