3182 4908
237 1140 278 1204 M.
303 1139 430 1205 Caelius
452 1141 556 1206 Rufus
578 1143 613 1204 19
645 1162 780 1206 numero
814 1163 924 1207 eorum
959 1136 1135 1208 oratorum'
1152 1150 1212 1228 est,
1245 1166 1325 1230 quos

147 1247 255 1311 Cicero
283 1248 432 1312 laudibus
460 1268 537 1334 prae
569 1251 681 1313 9919119
705 1249 892 1333 aequalibus
921 1253 1093 1334 ornavit1),
1127 1272 1323 1335 quamquam

146 1364 249 1418 mores
273 1356 341 1418 eius
374 1374 447 1418 cum
480 1356 607 1438 ingenio
639 1357 771 1419 minime
804 1359 975 1421 convenire
997 1337 1085 1422 baud
1115 1357 1283 1442 ignorabat
1291 1358 1325 1443 ²).

147 1461 209 1524 Sed
232 1481 298 1525 non
322 1462 426 1526 solum
451 1462 669 1544 eloquentium
696 1445 752 1526 ille
783 1462 1003 1528 Romanorum
1035 1466 1198 1549 princepe,
1231 1468 1325 1530 cuius

144 1569 359 1632 familiaritate
384 1567 511 1631 Caelius
533 1549 590 1651 per
612 1573 716 1632 totam·
734 1571 836 1634 vitam
861 1589 938 1634 usus
962 1575 1018 1654 est,
1043 1571 1209 1655 complura
1228 1572 1267 1635 de
1286 1591 1323 1636 eo

145 1674 238 1739 nobis
261 1675 402 1756 tradidit,
425 1671 539 1738 verum
573 1677 667 1740 etiam
702 1697 721 1740 a
752 1678 936 1760 posterioris
969 1680 1081 1742 aetatis
1114 1677 1325 1762 scriptoribus

145 1783 300 1844 memoria
322 1782 391 1845 eius
415 1787 540 1846 9911919
562 1788 593 1846 91
617 1783 703 1850 culta
726 1788 780 1848 991.
828 1785 937 1867 Atque
960 1804 1034 1848 cum
1058 1786 1225 1868 ingenium
1246 1787 1325 1868 9199,

147 1887 303 1969 indolem,
336 1888 550 1971 eloquentiam
573 1890 1326 1977 11111111919111119911999911199(1119911919-

146 2000 210 2075 ant,
233 1995 497 2074 11919991199199,
520 2001 673 2079 tempora,
702 2002 839 2061 mortem
871 1999 1015 2081 iniquam
1027 2001 1050 2078 ³)
1083 2017 1149 2062 non
1177 1998 1324 2061 inutilem

146 2120 275 2184 operam
298 2121 433 2166 9919999
456 2103 536 2165 mihi
558 2103 678 2184 videor,
702 2105 729 2167 si
749 2104 891 2167 collectis
914 2105 953 2167 iis
977 2109 1008 2168 et
1032 2105 1208 2190 dispositis,
1242 2119 1325 2188 quae

146 2209 185 2271 de
226 2214 349 2272 oratore
381 2208 437 2272 illo
476 2214 600 2273 veteres
640 2208 735 2273 nobis
773 2210 998 2294 prodiderunt,
1039 2212 1075 2274 in
1114 2213 1213 2275 vitam
1256 2213 1325 2276 eius

143 2317 322 2390 accuratius
380 2317 594 2399 inquisivere,
652 2337 849 2400 quamquam
895 2317 980 2381 haud
1029 2319 1164 2402 ingnoro
1214 2324 1325 2382 nostra

145 2441 273 2505 quoque
305 2425 458 2488 memoria
493 2425 581 2487 11199
614 2424 723 2488 199199
756 2425 797 2487 ad
830 2422 930 2488 Caelii
970 2426 1070 2488 111919
1113 2426 1324 2489 enarrandam

144 2532 310 2595 occasione
336 2531 409 2596 data
431 2530 626 2596 incubuisse.
655 2530 718 2595 Sed
733 2551 807 2595 cum
825 2532 864 2594 de
879 2533 1015 2616 singulis
1037 2531 1181 2616 partibus
1205 2533 1325 2617 singuli

59 2661 61 2665 ·
145 2639 371 2718 disseruerint,
417 2640 526 2721 itaque
573 2639 650 2701 satis
689 2638 791 2702 multa
836 2637 982 2702 nondum
1028 2639 1199 2723 explanata
1244 2642 1324 2722 sint,

145 2750 270 2807 tantum
294 2745 391 2826 abest,
415 2751 452 2809 ut
474 2745 604 2809 illorum
632 2746 748 2808 studiis
772 2765 791 2808 a
813 2746 973 2829 proposito
995 2746 1075 2808 milri
1101 2765 1197 2830 opere
1222 2747 1324 2811 deter-

146 2868 224 2930 rear,
248 2854 284 2913 ut
308 2852 485 2913 excitarint.
1352 2937 1354 2941 ι

235 2955 429 3040 lnspiciendi
449 2961 555 3020 autem
573 2961 712 3040 potestas
725 2958 805 3020 mihi
818 2959 881 3022 fuit
895 2960 1107 3022 recentiorum
1131 2961 1323 3043 scriptorum

147 3061 245 3126 libros
268 3063 340 3126 hos:
751 3148 754 3154 '

236 3167 421 3234 Drumann:
470 3168 657 3233 Geschichte
688 3169 786 3233 Roms
817 3171 852 3232 in
884 3173 1005 3235 seinem
1028 3171 1236 3258 Untergange
1258 3195 1323 3237 199

148 3278 205 3340 der
227 3276 423 3360 republican.
447 3297 506 3341 zur
528 3277 908 3362 monarch.·Verfassung,
932 3277 1105 3363 Koenigsb.
1124 3281 1217 3363 1834,
1233 3281 1275 3345 ΙΙ.
1292 3303 1322 3366 p.

145 3385 330 3448 411-422.
1174 3425 1176 3432 ·

235 3491 363 3573 Meyer:
411 3489 582 3556 Oratorum
605 3491 739 3558 Roman.
762 3492 949 3577 fragmenta,
967 3492 1075 3557 'surici
1097 3496 1322 3580 1811114118

148 3634 189 3644 -
212 3601 286 3664 470.

148 3776 358 3786 ——Q

238 3861 259 3932 ¹)
279 3863 332 3917 Cic.
351 3864 428 3920 Brut.
449 3868 491 3933 79,
511 3868 570 3920 273.
944 3927 946 3934 ,

237 3951 258 4021 ²)
278 3951 311 4006 cf.
331 3967 372 4020 ep.
382 3953 416 4007 ad
428 3954 483 4008 nu.
495 3957 520 4022 6,
541 3958 568 4021 1,
581 3957 623 4023 21,
645 3954 679 4008 ad
692 3955 754 4009 fam.
775 3943 806 4024 2,
817 3960 868 4010 515
887 3957 914 4008 91
937 3972 1007 4024 quae
1026 3956 1058 4009 de
1078 3958 1145 4011 9191.
1164 3971 1211 4024 pro
1231 3955 1322 4010 Caelio

146 4041 239 4096 habita
257 4040 448 4097 enarrabimus.
888 4036 891 4042 ’

236 4130 258 4200 ³)
277 4129 396 4184 Maxime
416 4130 576 4185 concinnum
595 4132 628 4186 de
647 4148 678 4186 eo
697 4133 828 4187 iudicium
848 4131 1031 4199 Quintilianus
1049 4131 1115 4186 tulit
1136 4133 1224 4187 hisee:
1254 4132 1321 4202 ,dig-

148 4235 200 4272 nus
217 4220 268 4288 111,
288 4220 334 4274 cui
352 4223 381 4273 et
398 4235 476 4273 mens
495 4219 589 4275 melior
608 4222 637 4274 91
654 4221 712 4275 1119
728 4221 833 4292 longior·
855 4221 1035 4292 contigisset,
1064 4223 1128 4277 inst.
1157 4223 1221 4276 9191.
1244 4225 1284 4291 10,
1306 4227 1318 4276 1

149 4312 208 4362 115.
227 4309 268 4363 ed.
288 4308 423 4379 Spalding.
1052 4387 1056 4396 ,
1110 4387 1121 4434 1
