3182 4908
703 262 923 322 „18...

229 458 294 502 non
316 438 421 521 rideo,
446 457 509 523 quo
532 438 711 504 referantur
732 437 832 502 verba
853 438 909 501 illa
932 437 970 501 de
993 439 1101 521 priore
1122 457 1229 504 amore
1249 439 1404 504 ardentis-

230 548 320 625 sime,
343 547 406 610 nisi
430 545 470 609 ad
495 545 638 610 Clodiam
660 547 848 629 pertineant.
895 543 995 608 Porro
1023 545 1261 610 adulescentem
1284 546 1403 612 duode-

228 655 344 737 viginti
366 653 611 737 undevigintivc
634 672 790 716 annorum
814 651 903 733 talia,
933 651 1040 734 qualia
1067 651 1107 714 de
1130 650 1280 715 Aufilena
1303 652 1341 717 ab
1366 673 1403 717 ec

230 762 347 845 scripta
370 760 440 823 aliis
457 760 538 823 locis
548 758 571 840 1)
594 760 741 843 legimus,
759 760 793 821 in
812 759 983 821 mulierem
1001 763 1136 841 nuptam
1154 758 1316 822 elocutum
1335 778 1404 824 esse

228 865 394 950 probabile
425 884 490 929 non
522 865 613 929 ducc.
666 864 748 929 Cum
771 869 888 929 autem
920 862 1023 928 Rufus
1054 866 1231 947 pessimum
1263 867 1406 930 amioum

231 972 348 1037 Catulli
367 971 511 1036 Clodiam
535 972 671 1036 amantis
694 991 728 1036 se
750 972 949 1056 praestiterit,
974 971 1160 1036 dulcissima
1181 972 1238 1036 illa
1256 972 1403 1055 rerba2),

230 1079 348 1164 quibus
372 1078 515 1144 Caelium
538 1080 696 1143 allocutus
719 1084 778 1155 est,
810 1076 850 1140 ad
873 1077 966 1140 illum
989 1096 1056 1142 non
1079 1077 1224 1143 referam.
1272 1079 1407 1143 Accedit

230 1187 458 1270 gravissimum
480 1191 714 1270 argumentum,
740 1185 826 1268 quod
849 1204 948 1268 supra
969 1186 1035 1248 iam
1054 1187 1227 1268 attigimus.
1266 1184 1406 1261 Quomo-

231 1294 271 1357 do
291 1295 377 1357 enim
395 1294 516 1357 factum
535 1294 585 1375 sit,
609 1299 647 1356 ut
664 1297 765 1376 poeta,
788 1298 958 1376 postquam
977 1291 1083 1357 Rufus
1102 1291 1247 1356 Clodiam
1267 1293 1406 1358 deseruit

229 1398 399 1484 moresque
436 1401 506 1464 eius
544 1399 774 1484 perditissimos
806 1399 914 1463 verbis
936 1398 1169 1464 vacerbissimis
1210 1399 1338 1483 publico
1370 1403 1405 1463 in

230 1507 386 1587 iudicioss)
416 1508 538 1590 etipse
562 1512 594 1571 et
615 1525 674 1590 per
696 1507 774 1570 alios
783 1509 807 1586 4)
835 1508 1012 1592 castigavit,
1042 1507 1216 1570 amicitiam
1239 1513 1404 1571 renovaret

231 1634 305 1678 cum
329 1634 375 1697 eo,
399 1633 538 1697 quocum
559 1614 780 1678 inimicissime
797 1614 905 1697 paullo
925 1617 999 1677 ante
1020 1618 1163 1681 versatus
1182 1618 1272 1698 esset,
1296 1633 1403 1697 quem-

226 1741 294 1804 ,que
320 1741 446 1785 summa
469 1709 664 1785 contumelia
686 1720 852 1802 obruisset,
875 1738 942 1784 non
964 1738 1127 1803 assequor.
1163 1720 1286 1786 Rufum
1307 1722 1405 1804 igitur

232 1835 263 1892 et
286 1827 432 1892 Caelium
457 1827 573 1892 Catulli
597 1828 735 1892 eundem
759 1847 828 1893 esse
851 1828 1014 1892 bominem
1036 1829 1210 1892 verisimile
1233 1847 1299 1891 non
1323 1835 1378 1894 est.

320 1934 391 1998 Iam
421 1934 461 1998 ad
488 1932 531 1998 Μ.
556 1932 701 1998 Caelium
731 1933 850 1998 Rufum
876 1939 1083 2000 revertamur.
1131 1933 1406 2000 Consuetudinem

235 2062 308 2107 cum
340 2041 451 2106 Clodia
479 2043 553 2105 iniit
575 2041 734 2126 prioribus
757 2040 923 2106 mensibus
955 2038 1113 2128 cessem)
1147 2047 1243 2125 atque
1270 2043 1407 2127 amplius

234 2148 364 2212 biennio
387 2148 571 2231 libidinum,
594 2149 805 2233 voluptatum,
829 2149 1050 2213 conviviorum
1068 2150 1141 2212 eius
1159 2151 1317 2233 particeps
1335 2149 1405 2213 fuit
1494 2137 1498 2148 ’

231 2253 307 2318 Non
328 2255 433 2318 solum
455 2254 575 2340 Romae
603 2257 638 2318 in
660 2255 755 2337 urbe,
788 2255 844 2320 sed
874 2257 970 2319 etiam
999 2255 1089 2319 Baiis
1112 2257 1298 2320 luxuriosae
1321 2256 1406 2318 vitae

234 2381 308 2427 cum
327 2362 462 2425 muliere
480 2361 652 2426 libidinosa
669 2363 725 2426 tali
743 2363 838 2426 modo
857 2381 891 2426 se
911 2363 1006 2444 dedit,
1025 2369 1062 2426 ut
1080 2367 1278 2426 accusatores
1295 2365 1406 2445 postea

202 2477 203 2482 ’
234 2487 366 2550 amores,
396 2467 562 2546 adulteria,
591 2468 839 2551 comissationes,
868 2469 929 2532 alia
952 2468 1191 2553 exprobrarent,
1214 2473 1307 2532 nocte
1330 2486 1405 2530 eum

232 2578 395 2638 matronas
428 2593 447 2637 a
479 2593 558 2639 cena
593 2574 762 2640 redeuntes
799 2581 981 2640 attrectasse
1014 2575 1196 2658 dicerentl),
1238 2574 1405 2657 multoque

233 2681 336 2765 magis
367 2683 467 2744 vitam
497 2683 657 2765 privatam
689 2684 757 2747 eius
788 2688 968 2767 premerent
978 2685 1010 2766 ⁷),
1048 2701 1145 2766 quam
1176 2681 1233 2746 illa
1264 2681 1407 2761 crimina,

235 2788 354 2872 quibus
383 2790 419 2851 in
450 2789 502 2852 ius
529 2793 662 2853 recatus
692 2794 767 2856 erat.
812 2788 926 2874 Neque
952 2789 1030 2855 iero
1054 2788 1163 2854 Cicero
1190 2787 1407 2872 impudicitiae

234 2897 334 2960 orium
362 2895 438 2960 ficta
466 2914 535 2960 esse
566 2896 644 2960 dicit
672 2902 729 2961 aut
755 2918 888 2982 prorsus
915 2898 1054 2962 refutare
1077 2897 1197 2978 studet,
1229 2895 1286 2960 sed
1309 2895 1407 2958 Caelii

233 3007 368 3067 aetatem
398 3007 430 3066 et
458 3002 607 3086 exempla
637 3004 811 3070 multorum
843 3006 1015 3089 superioris
1042 3006 1192 3089 temporis
1221 3001 1408 3068 adulescen-

234 3303 363 3359 Schwabe
389 3322 414 3373 p.
434 3308 495 3360 358.
544 3303 651 3373 Teuffel,
678 3305 697 3360 l.
724 3305 743 3361 l.
771 3308 866 3374 §214
902 3303 992 3374 Pauly
1009 3304 1044 3373 11,
1065 3308 1126 3360 220.
1175 3302 1281 3357 Caelius
1314 3301 1405 3354 autem

234 3394 350 3463 patriam
368 3393 478 3463 reliquit
495 3393 603 3448 biennio
625 3394 681 3447 lere
698 3394 783 3463 prius,
821 3393 850 3447 Si
868 3393 952 3464 igitur
970 3392 1089 3446 carmina
1107 3393 1261 3460 comparata
1280 3390 1315 3444 ad
1333 3390 1406 3443 hunc

234 3483 409 3552 pertinerent,
427 3499 480 3536 non
499 3484 560 3552 post
578 3499 679 3536 annum
699 3483 798 3554 685f69
818 3482 966 3552 composita
984 3497 1045 3534 esse
1056 3479 1104 3535 illa
1120 3494 1231 3534 necesse
1250 3480 1299 3532 est

324 3573 345 3642 1)
364 3589 403 3627 00.
425 3575 484 3632 110.
505 3576 564 3626 111.

325 3661 346 3732 2)
366 3678 404 3715 00.
426 3664 485 3714 roo.
506 3664 547 3714 ea.
620 3659 642 3729 ³)
662 3657 752 3725 cunt.
772 3663 797 3728 e,
817 3663 842 3729 c,
854 3665 895 3716 53.

323 3751 345 3818 ⁴)
364 3750 447 3804 Num.
468 3763 490 3802 c.
510 3752 544 3800 49
563 3748 686 3802 Catullus
704 3749 827 3804 Ciceroni
849 3747 949 3819 gratias
973 3747 1066 3819 egerit,
1095 3745 1166 3814 quod
1189 3743 1291 3799 Rufum
1315 3745 1407 3799 defen·

236 3837 313 3905 derit,
343 3835 465 3891 Clodiam
483 3836 637 3907 perdiderit,
664 3839 782 3892 maxime
800 3838 915 3892 dubium
933 3840 983 3891 est.
1021 3833 1147 3906 Singulas
1170 3833 1204 3888 de
1221 3833 1272 3888 hac
1290 3849 1320 3887 re
1338 3832 1407 3886 latas

237 3925 385 3980 sententias
404 3924 511 3996 collegIt
527 3925 684 3981 Hameclrer
701 3928 730 3981 in
748 3927 879 3999 Philolog.
898 3931 932 3981 41
952 3943 978 3994 p.
998 3929 1059 3980 469.
1081 3927 1158 3980 1882.

324 4014 346 4082 ⁶)
364 4013 403 4068 Μ.
416 4013 522 4069 Caelius
540 4014 596 4086 ille,
616 4016 663 4084 qui
675 4016 768 4070 eodem
781 4032 851 4070 anno
866 4015 986 4086 (Teuffel,
999 4014 1047 4070 ll
1061 4013 1078 4082 ἓ
1094 4017 1152 4082 176,
1163 4013 1208 4082 27)
1227 4011 1318 4066 contra
1329 4007 1408 4063 rra-

236 4119 298 4158 cum
315 4103 506 4158 testlmonium
525 4103 648 4158 exhibuit
667 4105 703 4175 (p.
722 4103 909 4172 Flacco4,11.
929 4104 1045 4173 40,100)
1063 4101 1132 4156 nihil
1149 4102 1231 4157 babet
1248 4115 1311 4154 cum
1329 4096 1408 4152 Rufo.

234 4191 399 4248 Publicanos
418 4193 491 4247 enim
509 4195 537 4248 et
554 4196 727 4262 recuperator
745 4195 803 4248 erat
821 4195 878 4263 (pro
896 4192 983 4248 Flacc.
1004 4192 1108 4264 4,11).·

325 4283 346 4352 ⁶)
365 4299 392 4352 p.
411 4281 482 4340 Cael.
496 4285 575 4352 aad.
649 4283 670 4354 π)
688 4283 724 4340 ib.
744 4288 769 4353 3,
784 4287 898 4353 6—4,9.
918 4299 957 4338 cc.
979 4287 1010 4336 11
1030 4298 1071 4352 sq.
