3182 4908
677 307 905 368 -28-

204 480 465 573 Ahenobarbum.
515 480 599 556 Quid
629 491 743 546 causae
766 477 871 565 fuerit,
894 485 1063 546 nescimus.
1100 482 1283 548 Postulatus
1308 503 1378 548 esse

204 587 333 650 videtur
346 607 373 653 a.
385 588 414 652 d.
430 588 488 652 ΙΙΙ.
499 587 582 650 Non.
593 587 681 650 Febr.
691 587 723 671 ²),
743 609 817 653 cum
836 589 982 654 IdFebr.
1004 591 1146 653 decimus
1165 597 1249 654 esset
1267 591 1343 656 dice.
1354 595 1378 671 2)

207 693 409 758 Verebantur
432 691 541 775 amici,
573 713 615 756 ne
643 694 722 758 Pola
755 696 886 778 quidam
910 695 1059 778 Servius,
1091 697 1185 760 homo
1210 698 1381 761 accusandi

206 801 442 884 cupidissime,
462 803 699 866 accusatoribus
718 803 939 868 subscriberet.
968 803 1031 867 Sed
1049 823 1155 887 neque
1173 805 1234 868 hoc
1250 803 1380 885 factum,

204 927 310 991 neque
340 929 438 972 causa
470 910 600 972 omniuo
630 915 700 972 acta
724 927 793 974 esse
815 909 953 992 ridetur,
986 928 1061 974 cum
1083 911 1130 976 ld.
1154 909 1245 974 Febr.
1270 909 1380 973 Domi-

205 1016 270 1077 tius
292 1017 414 1078 iuatum
431 1015 575 1079 iudicum
594 1035 763 1080 numenmr
782 1017 937 1080 conficere
956 1036 1019 1080 non
1039 1019 1186 1100 potuerit.
1222 1013 1270 1079 Dc
1290 1019 1381 1080 exitu

207 1122 337 1210 quidem
365 1123 446 1184 nihil
474 1126 673 1206 compertum
706 1122 867 1188 habemus.
915 1121 979 1188 Sed
1009 1124 1048 1188 de
1062 1124 1155 1187 'fama
1179 1123 1277 1188 Caelii
1302 1124 1380 1186 nihil

207 1228 385 1292 detractum
417 1228 498 1293 esse
517 1230 592 1293 inde
624 1235 766 1313 apparet,
800 1229 886 1313 quod
917 1229 1047 1294 biennio
1078 1236 1149 1314 post
1181 1230 1380 1295 tribunatum

206 1334 307 1417 plebis
331 1335 511 1419 obtinuitss),
541 1335 583 1400 dc
615 1357 679 1419 quo
713 1355 796 1420 quae
828 1337 994 1419 habemus,
1026 1339 1178 1400 continuo
1203 1338 1380 1419 afferemus

207 1461 279 1505 cum
304 1445 491 1527 interposito
515 1449 656 1527 tempore
681 1445 719 1508 de
745 1442 851 1508 Caelio
875 1443 955 1506 nihil
979 1444 1124 1507 auditum
1148 1445 1196 1507 sit.

296 1725 414 1792 Primis
444 1729 510 1792 iam
543 1729 725 1792 tribunatus
758 1730 807 1792 sui
842 1728 954 1792 diebus
986 1748 1022 1792 eo
1056 1729 1212 1793 adductus
1243 1733 1304 1812 est,
1336 1733 1381 1810 ut,

209 1833 327 1916 quibus
351 1855 369 1897 a
392 1834 535 1918 partibus
563 1837 609 1899 rei
636 1835 784 1919 publicae
812 1839 921 1917 staret,
954 1837 1141 1900 ostenderet.
1179 1838 1266 1900 Ante
1295 1837 1382 1899 enim

208 1942 237 2006 d.
256 1940 347 2004 VIII.
363 1941 402 2014 K.
415 1941 504 2005 Febr.
515 1945 539 2020 4)
564 1941 598 2006 P.
620 1940 751 2026 Clodius
769 1944 804 2004 iu
823 1942 930 2025 Appia
947 1943 1001 2005 via
1025 1962 1096 2006 cum
1114 1943 1242 2005 inimico
1261 1940 1382 2006 Milone

208 2049 341 2132 eiusque
361 2049 530 2113 comitibus
550 2056 581 2112 et
601 2051 700 2114 servis
727 2050 890 2114 concurrit
917 2055 1013 2131 atque
1032 2048 1175 2114 tumultu
1194 2054 1261 2112 orto
1282 2051 1381 2114 inter-

206 2154 308 2218 fectus
332 2163 386 2220 est.
426 2155 545 2240 Corpus
570 2157 731 2221 desertum
755 2157 814 2220 sub
834 2160 960 2220 noctem
980 2155 1054 2222 Sex,
1073 2155 1190 2219 Tadius
1208 2155 1288 2220 forte
1306 2176 1382 2220 rure

207 2263 243 2324 in
267 2263 381 2326 urbem
403 2263 532 2326 rediens
553 2265 677 2326 invenit
699 2268 731 2327 et
753 2265 787 2325 in
810 2264 922 2328 lectica
945 2284 1003 2326 sua
1025 2262 1160 2328 Romam
1182 2262 1258 2325 ferri
1280 2263 1381 2326 iussit

208 2368 341 2434 Postero
366 2370 416 2432 die
440 2371 474 2431 in
499 2370 579 2434 lecto
603 2371 744 2452 positum
765 2371 800 2432 in
830 2371 909 2434 atrio
939 2369 1053 2434 domus
1077 2368 1180 2433 Clodii
1203 2367 1381 2434 ostentaba-

208 2481 273 2557 tur,
297 2476 412 2540 deinde
435 2477 573 2557 nudum,
606 2487 643 2539 ut
666 2481 746 2560 erat,
778 2478 812 2538 in
842 2476 948 2540 forum
971 2477 1129 2558 perlatum
1153 2480 1207 2539 est.
1255 2474 1381 2558 Vulgus

208 2590 331 2664 autem,
363 2583 450 2665 quod
482 2583 592 2646 aderat
622 2582 824 2646 contionibus
854 2603 873 2646 a
901 2582 1039 2646 tribunis
1063 2580 1097 2658 Q.
1122 2582 1274 2666 Pompeio
1297 2579 1381 2644 Rufo

209 2695 240 2752 et
261 2689 293 2754 Τ.
317 2689 463 2754 Munatio
486 2689 607 2753 Planco
631 2694 740 2752 contra
763 2688 914 2752 Milonem
937 2689 1066 2772 habitis,
1090 2689 1233 2770 cadaver,
1258 2695 1293 2752 ut
1316 2707 1383 2750 cre-

208 2800 316 2879 maret,
348 2799 383 2858 in
408 2816 518 2860 curam
540 2796 713 2860 Hostiliam
744 2797 921 2877 transtulit,
954 2796 1049 2860 simul
1082 2801 1188 2860 autem
1222 2815 1295 2859 cum
1328 2795 1382 2858 illo

208 2905 331 2965 curiam
354 2904 505 2968 incendit.
538 2903 614 2967 Milo
638 2905 786 2986 proxima
809 2907 903 2967 nocte
927 2922 969 2967 ex
992 2904 1068 2986 fuga
1090 2906 1125 2965 in
1149 2903 1261 2966 urbem
1280 2901 1383 2982 rediit,

209 3010 415 3074 consulatum
442 3012 568 3095 petivit,
601 3014 769 3094 argentum
803 3010 914 3074 divisit.
962 3009 1080 3074 Paucis
1109 3015 1180 3094 post
1203 3007 1317 3071 diebus
1340 3005 1383 3069 M.

209 3115 335 3181 Caelius
359 3120 539 3182 contionem
562 3119 591 3181 ei
616 3117 718 3198 dedit,
751 3119 807 3201 qui
839 3121 870 3181 ct
897 3119 965 3201 ipse
988 3134 1044 3200 pro
1070 3136 1106 3181 eo
1129 3117 1257 3179 locutus
1282 3119 1329 3178 est
1353 3117 1384 3178 et

208 3223 357 3288 Clodium
379 3225 510 3288 iusidias
533 3243 661 3308 parasse
685 3225 856 3288 contendit.
867 3225 891 3308 ⁵)
936 3223 1061 3288 Deinde
1085 3244 1159 3288 cum
1183 3222 1269 3308 apud
1287 3221 1383 3285 Pom-

207 3333 316 3414 peium
340 3333 439 3416 Appii
464 3331 590 3407 Claudii
622 3333 729 3415 altque
752 3331 882 3396 Milonis
912 3336 944 3395 et
973 3333 1128 3395 comitum
1152 3331 1221 3393 eius
1243 3328 1383 3394 familias

208 3439 438 3520 postulassent,
468 3437 595 3502 Caelius
619 3437 722 3501 Clodii
743 3439 895 3502 familiam
920 3437 1135 3522 postulavitfl)
1181 3435 1267 3499 Ante
1290 3435 1319 3497 d.
1343 3433 1383 3501 V.

242 3653 245 3662 .
299 3613 319 3681 1)
338 3613 443 3684 Zumpt,
469 3614 639 3683 Criminalpr.
660 3619 719 3670 557.
740 3615 772 3669 cf.
796 3619 853 3670 185.

299 3702 320 3770 2)
340 3702 394 3757 Cic.
414 3705 447 3758 ad
467 3703 498 3769 Q.
517 3705 549 3758 fr.
569 3708 594 3772 2,
616 3709 656 3771 13,
677 3708 701 3772 2,
721 3705 792 3756 uude
810 3707 900 3757 cetera
918 3718 1025 3771 quoque
1044 3702 1076 3754 de
1095 3701 1145 3756 hac
1165 3717 1194 3754 re
1212 3700 1351 3755 habemus.

298 3791 319 3856 ³)
338 3794 406 3860 App.
430 3792 491 3846 bell.
516 3793 566 3848 civ.
587 3798 611 3861 2,
632 3797 690 3862 22„

297 3881 319 3948 ⁴)
339 3880 393 3936 cie.
418 3898 444 3949 p.
467 3880 523 3935 nn.
550 3887 591 3950 10,
615 3887 657 3937 aa.
706 3887 747 3950 17,
767 3887 809 3936 aa.
830 3883 864 3936 ad
882 3884 938 3937 Au.
960 3887 983 3936 o.
1006 3884 1090 3947 13,1.
1119 3884 1145 3948 o,
1160 3886 1184 3948 1,
1204 3883 1246 3934 aa
1284 3881 1380 3932 ascen.

208 3969 236 4020 in
254 3967 311 4024 Mil.
330 3987 355 4037 p.
376 3974 410 4024 32
429 3987 468 4039 sq.
501 3971 592 4042 Lange
611 3971 661 4038 111,
680 3976 740 4026 363.

298 4060 618 4130 5)Αεοοο.1.1.ρ.34.
656 4061 712 4116 Oia.
731 4078 778 4129 pro
796 4059 853 4114 Mil.
874 4065 917 4128 33,
936 4064 982 4113 91:
1013 4059 1097 4118 ,caedi
1120 4059 1230 4112 vidistis
1253 4055 1382 4126 populum

209 4147 358 4204 Romanum
378 4151 530 4203 contionem
550 4149 648 4220 gladiis
667 4149 822 4217 disturbari,
841 4166 904 4203 oum
927 4149 1065 4203 audiretur
1083 4148 1188 4202 silentio
1207 4147 1242 4201 M.
1258 4145 1381 4200 Caelius‘.

209 4237 298 4306 Lange
317 4238 367 4304 HI,
387 4243 446 4293 364.
485 4239 592 4307 Zumpt,
612 4238 817 4293 Crimiualrccht
835 4239 871 4303 II,
892 4243 916 4306 2,
936 4242 987 4294 407
1008 4254 1047 4306 sq.

299 4329 319 4396 ⁰)
339 4333 435 4383 Ascon.
460 4345 486 4396 p.
513 4333 555 4383 35.
593 4329 682 4398 Lange
709 4335 768 4383 36:¹1.
808 4329 904 4396 Zumpt
928 4333 988 4382 aba.
