3182 4908
644 317 864 381 „11-

162 499 327 579 posterum
369 494 611 580 prospicientem
658 500 689 556 et
726 511 833 556 rerum
873 492 1073 576 publicarum
1111 493 1342 575 peritissimum

162 602 381 686 appellarem.

255 706 321 796 Hic
343 708 406 772 iam
427 707 519 771 locus
547 725 616 772 esse
640 706 779 783 videtur,
807 711 844 770 ut
873 725 1081 789 quaeramus,
1110 711 1219 770 utrum
1241 706 1341 772 verba

166 813 325 896 quaedam
356 836 375 877 a
407 814 559 880 Cicerone
595 815 631 876 in
663 812 798 878 Verrem
829 813 1047 896 composital),
1084 814 1118 887 in
1152 812 1268 896 quibus
1301 814 1341 878 de

167 919 211 985 M.
238 919 340 984 Caelio
362 941 412 986 res
435 926 491 1002 est,
515 920 555 984 ad
578 918 620 985 M.
641 917 784 984 Caelium
802 918 923 984 Rufum
945 919 1110 984 referenda
1128 921 1200 1002 sint,
1223 939 1340 987 annon,
1415 906 1417 912 ¹

167 1019 337 1092 En'habes
358 1027 470 1098 verba:
505 1027 560 1110 ,Tu
583 1047 602 1090 a
625 1025 666 1088 M.
691 1024 812 1108 Caelio,
844 1028 951 1109 equite
979 1025 1138 1108 Romano,
1169 1026 1341 1090 lectissimo

167 1133 380 1217 adulescente,
420 1153 502 1218 quae
538 1133 669 1198 voluisti
701 1131 847 1214 Lilybaei
883 1131 1057 1198 abstulisti.
1114 1132 1223 1198 Scelus
1255 1134 1342 1198 istud

163 1239 284 1307 facturn
317 1247 365 1306 est
396 1260 481 1311 anno
515 1236 686 1326 683l713),
719 1259 782 1322 quo
816 1239 941 1306 Caelius
973 1259 1054 1323 puer
1087 1242 1341 1322 quattuordecim

163 1347 366 1432 annoruml),
395 1367 462 1415 non
483 1335 547 1412 11111
570 1346 758 1410 adulescens
781 1365 943 1430 equesque
965 1345 1131 1412 Romanus
1154 1347 1216 1412 fuit
1237 1367 1343 1432 neque

162 1455 262 1538 patris
295 1454 427 1522 douram
458 1455 636 1537 reliquerat.
688 1452 767 1516 Inde
799 1458 927 1537 apparet
959 1473 1034 1517 eum
1066 1475 1085 1518 a
1118 1453 1217 1519 Verre
1250 1455 1342 1520 bonis

162 1561 336 1644 spoliatum
368 1571 438 1626 non‘
467 1579 544 1628 esse.
599 1559 695 1644 Pater
732 1566 840 1626 autem
871 1562 939 1624 eius
970 1562 1026 1626 illo
1060 1567 1200 1645 tempore
1233 1563 1342 1626 edule-

161 1669 321 1732 scentiam
340 1669 406 1732 iam
429 1668 486 1732 diu
505 1667 709 1752 superarat5),
732 1672 769 1732 ut
787 1668 828 1731 ad
846 1667 933 1732 hunc
951 1667 1049 1732 verba
1067 1668 1122 1730 illa
1139 1667 1257 1734 referre
1276 1687 1342 1732 non

163 1775 267 1852 liceat.
305 1773 491 1841 Diiudicare
513 1777 614 1859 igitur
631 1794 697 1839 non
715 1794 896 1858 possumne,
920 1776 992 1857 quis
1012 1773 1137 1840 Caelius
1160 1774 1215 1838 1111
1237 1775 1340 1838 fuerit.

256 2093 382 2157 Caelius
411 2101 655 2178 apraeceptore
677 2095 820 2176 recessit,
854 2113 917 2176 quo
951 2113 1034 2156 anno
1058 2093 1110 2160 hic
1140 2094 1341 2158 consulatum

163 2202 277 2285 petivit
307 2220 381 2294 cum
406 2199 543 2264 Catilina
570 2203 687 2266 iterum
717 2203 884 2285 1111111119).
930 2200 1065 2284 Propter
1094 2199 1231 2266 ambitus
1253 2220 1340 2265 acer-

125 2333 128 2338 ’
161 2309 271 2389 rimos,
294 2299 413 2392 quibus
436 2308 488 2372 hic
511 2314 542 2371 et
565 2306 597 2373 C.
617 2289 779 2372 Antonius
797 2306 945 2388 Hybrida
963 2325 997 2370 ee
1020 2288 1340 2383 commaculaverunt,

162 2421 196 2479 et
220 2414 390 2504 consilium
417 2415 607 2500 evertendae
635 2414 867 2500 reipublicae,
894 2413 980 2498 quod
1008 2434 1027 2477 a
1050 2413 1185 2480 Catilina
1213 2421 1343 2500 captum,

162 2529 196 2586 et
221 2521 452 2606 'pervulgatum
481 2523 546 2586 iam
571 2529 650 2604 erat,
679 2520 788 2586 Cicero
820 2522 995 2584 maximam
1025 2540 1153 2606 operam
1182 2522 1281 2604 dedit,
1306 2528 1341 2586 ut

160 2629 220 2692 1111
255 2628 415 2720 repulsam
444 2628 541 2692 ferret
552 2629 583 2712 ⁷).
632 2623 768 2691 Interim
803 2627 939 2700 Catilina
967 2630 1142 2712 permultos
1171 2635 1341 2710 senatores,

162 2736 299 2818 equites,
324 2737 458 2824 iuvenes
480 2736 604 2799 nobiles
623 2733 684 2798 sibi
704 2735 918 2820 conciliavitss)
935 2734 1144 2820 Caeliamque
1165 2736 1204 2800 ab
1223 2736 1341 2800 aemuli

161 2834 309 2928 partibus
339 2842 379 2905 ad
408 2861 482 2906 sues
514 2843 665 2906 traduxit
718 2840 826 2906 Cicero
857 2845 926 2926 ipse
958 2849 1068 2926 postea
1099 2849 1255 2908 mutatam
1287 2863 1343 2928 per

163 2950 296 3032 aliquod
326 2955 453 3036 tempus
476 2949 687 3014 adulescentis
711 2937 903 3014 sententiani
925 2936 1139 3041 excusavitil,
1164 2951 1250 3034 quod
1269 2950 1342 3014 talis

165 3056 322 3120 Catilinae
353 3055 478 3120 indoles
507 3061 616 3140 totque
643 3057 778 3118 virtutes
807 3055 958 3132 inissent,
991 3062 1028 3119 ut
1050 3059 1102 3121 vel
1130 3033 1341 3140 peritissimos

62 3230 65 3234 ,
163 3165 254 3226 viros
278 3163 445 3228 adstrictos
464 3162 602 3244 haberet,
626 3181 684 3226 neo
702 3162 840 3224 multum
860 3162 997 3243 afuisset,
1023 3164 1101 3246 quin
1119 3164 1187 3246 ipse
1207 3164 1237 3224 ei
1254 3161 1343 3244 fave,

164 3271 272 3352 ret10).
312 3269 471 3344 Quantam
494 3289 569 3335 vero
594 3269 799 3335 consiliorum
822 3268 860 3332 ad
879 3270 925 3332 rei
948 3269 1095 3354 publicae
1115 3269 1341 3334 detrimentum

255 3463 412 3532 1)1(111111.
433 3467 529 3530 2,8,1.

259 3552 280 3620 ²)
299 3553 328 3605 in
346 3551 422 3605 Verr.
443 3556 467 3619 4,
490 3557 530 3619 17,
549 3557 590 3607 37.
612 3568 693 3606 causa
712 3555 772 3606 acta
800 3555 841 3606 est
864 3567 887 3607 a.
913 3555 1012 3621 eeeyio
1037 3551 1125 3606 Caelio
1151 3569 1232 3622 puero
1261 3555 1340 3622 quin-

171 3642 258 3698 decim
287 3657 427 3696 aonorum.
469 3640 582 3702 Teuffel,
607 3641 702 3695 Cesch.
723 3641 747 3696 d.
774 3645 839 3698 rtim.
868 3641 948 3694 Litt⁴
976 3642 992 3709 ξ
1022 3645 1081 3710 179,
1108 3645 1203 3697 6-11.
1256 3642 1342 3710 Pauly

166 3731 219 3800 VI,
234 3735 258 3798 2,
279 3735 357 3786 2186.

256 3819 332 3889 8)111.
352 3824 429 3876 2471.
503 3822 526 3890 4)
545 3823 578 3876 ct'.
598 3838 623 3890 p.
643 3825 658 3874 4
678 3836 717 3890 sq.
790 3820 812 3888 ⁶)
831 3821 865 3874 cf.
884 3836 909 3890 p.
929 3825 954 3874 3.

257 3910 278 3978 1)
297 3927 322 3978 p.
342 3909 413 3964 Cael.
433 3915 458 3978 4,
479 3915 520 3964 10.
558 3913 656 3964 Aecon.
680 3910 706 3962 in
735 3925 772 3964 or.
800 3909 829 3961 in
856 3912 909 3978 tag.
938 3911 1014 3965 nand.
1052 3910 1097 3979 Vi,
1117 3928 1142 3979 p.
1163 3915 1206 3965 82.
1250 3909 1340 3963 Orelli.

166 3998 255 4067 Pauly
273 3998 321 4066 VI,
344 4005 366 4058 1,
388 4003 457 4053 1068
476 4017 515 4068 sq.

258 4088 279 4156 ⁷)
298 4103 335 4142 or.
355 4088 384 4140 in
402 4091 455 4158 lag.
476 4089 552 4143 caud.
572 4092 665 4144 centra
683 4089 872 4157 competitores
891 4089 994 4144 habuit.
1033 4087 1115 4142 Orelli
1128 4089 1145 4144 1.
1160 4090 1178 4146 l.
1189 4105 1215 4157 p.
1226 4092 1339 4142 82-95.

168 4176 256 4245 Pauly
274 4176 323 4232 1.1.

259 4265 394 4334 8)Ι)111111.
415 4264 448 4333 V,
468 4267 893 4322 41511111111111111111111111111.
972 4267 993 4334 9)
1012 4283 1038 4335 p.
1060 4265 1130 4320 Cael.
1151 4281 1189 4318 cc.
1210 4271 1233 4318 5.
1254 4269 1277 4318 6.

259 4354 347 4423 11)111.
368 4358 447 4422 6,14.
467 4355 587 4411 defendit
605 4355 662 4410 Cat.
682 4357 820 4422 repetund.
841 4359 925 4410 reum.
963 4354 1051 4421 Pauly
1070 4353 1117 4421 VI,
1139 4357 1254 4420 1,1069.
