3182 4908
706 305 927 367 ..22-

231 485 354 565 fuisset,
378 483 465 567 quod
488 485 549 567 ipsi
574 483 714 566 denique
733 481 862 545 Clodiae
884 496 1046 546 venenum
1064 489 1214 565 parasset.
1225 481 1248 563 ¹)
1279 481 1405 572 'Postu-

230 591 314 654 latus
333 595 381 654 est
398 590 469 684 lege
487 589 653 671 16161162)
676 588 900 671 Subsciptores
917 589 1059 652 Atratini
1077 588 1210 652 fuerunt
1227 587 1261 652 L.
1280 587 1404 651 Heren-

230 699 305 760 nius
336 696 493 779 Β616663)
526 703 556 760 et
586 696 621 759 P.
646 694 818 774 (11661664)
862 695 1086 759 Defensionenr
1118 697 1186 779 ispe
1215 694 1342 758 Caelius
1374 701 1405 758 et

230 802 273 869 M.
298 801 431 867 Crassus
455 812 486 868 et
510 802 619 867 Cicero
643 803 737 866 amici
761 809 979 885 susceperunt.
1025 805 1135 885 Atque
1163 822 1237 866 cum
1262 803 1301 865 de
1325 801 1405 865 sedi-

231 910 372 974 tionibus
395 909 630 994 Neapolitanis,
663 910 702 973 de
726 909 1023 972 Alexandrinorum
1047 909 1227 991 pulsatione
1251 909 1405 984 Puteolis,

232 1016 387 1080 debonis
410 1017 518 1081 Pallae
543 1015 688 1096 Crassus,
712 1017 805 1079 cuius
829 1017 929 1079 oratio
953 1014 993 1078 ad
1016 1022 1158 1078 nostram
1182 1021 1317 1079 aetatem
1340 1034 1406 1077 non

230 1125 388 1207 pervenit,
416 1125 529 1207 egerit,
558 1122 763 1203 factumest,
795 1128 832 1184 ut
864 1122 944 1185 nihil
972 1121 1038 1185 fere
1068 1122 1107 1186 de
1130 1123 1193 1186 illis
1217 1123 1406 1186 criminibus

233 1235 432 1314 compertum
455 1230 639 1294 habeamus.
687 1227 804 1303 Quales
833 1229 952 1293 fuerint
975 1228 1145 1293 seditiones
1168 1228 1406 1313 Neapolitanae,

232 1356 298 1400 non
329 1338 439 1420 liquet.
493 1336 542 1400 De
571 1335 661 1399 Palla
692 1335 773 1397 nihil
805 1337 867 1398 nisi
899 1355 1016 1398 nomen
1046 1335 1243 1420 1165616665)
1297 1335 1407 1420 Legati

232 1445 448 1508 Alexandrini
456 1443 480 1525 6)
503 1442 607 1507 Dione
631 1441 856 1526 1666666667)
880 1442 962 1506 duce
984 1442 1119 1506 Romam
1140 1444 1218 1506 ituri
1242 1451 1347 1525 erant,
1370 1449 1407 1507 ut

231 1551 439 1635 impedirent,
471 1570 513 1614 ne
546 1569 606 1613 rex
639 1548 842 1613 Ptolemaeus
877 1551 1068 1632 cognomine
1100 1550 1247 1631 AuleteS,
1279 1552 1334 1633 qui
1365 1571 1406 1614 ex

232 1677 332 1742 regno
351 1657 463 1741 pulsus
472 1656 690 1720 Romanorum
709 1657 869 1720 auxilium
883 1658 1024 1740 petierat,
1043 1655 1082 1719 ab
1097 1657 1146 1720 his
1161 1656 1370 1722 reduceretur.
1381 1656 1406 1739 8)

232 1765 404 1849 Pompeius
431 1763 567 1848 Magnus
599 1782 708 1848 regem
735 1764 771 1825 in
794 1762 925 1825 domum
948 1782 1039 1826 suam
1062 1767 1225 1845 receptum
1248 1763 1406 1845 tuebatur,

232 1875 341 1957 itaque
363 1873 483 1935 facturn
507 1874 568 1950 est,
595 1876 632 1933 nt
662 1871 793 1953 impune
814 1888 875 1932 rex
897 1869 1017 1952 legatos
1040 1871 1075 1932 in
1098 1868 1213 1933 itinere
1236 1876 1372 1934 necaret.
1381 1874 1405 1949 9)

232 1976 354 2042 Eodem
387 1997 471 2042 anno
506 1974 629 2063 697s57
663 1976 697 2039 P.
728 1975 894 2039 Cornelius
922 1974 1081 2039 Lentulus
1113 1975 1262 2059 Spinther
1294 1977 1407 2040 consul

324 2298 344 2368 1)
365 2314 390 2366 p.
410 2297 481 2352 Cael.
504 2301 544 2362 10,
556 2300 597 2350 23.
619 2299 704 2362 21,51,
727 2309 765 2362 66.
1296 2313 1301 2326 ·

323 2386 344 2456 1)
363 2386 398 2439 ib.
420 2390 481 2453 1,1.
502 2389 545 2453 30,
565 2389 607 2440 76.
626 2384 716 2453 Lange
735 2383 771 2446 Π,
786 2387 845 2437 666.
865 2382 914 2449 ΠΙ,
935 2387 992 2436 175.
1022 2383 1127 2451 Zumpt,
1148 2383 1352 2437 Criminahecht
1369 2384 1404 2452 Η,

235 2481 258 2543 1,
278 2480 328 2530 271
349 2491 390 2544 sq.

323 2563 345 2633 8)
364 2561 503 2617 16611611.
522 2561 540 2618 l.
560 2562 576 2628 §
596 2565 656 2628 202,
677 2567 701 2615 5.
730 2559 840 2630 Oetling
857 2577 882 2628 p.
898 2562 940 2613 24.
961 2589 994 2598 -·
1013 2560 1176 2631 Brueckner,
1195 2563 1283 2617 Leban
1302 2561 1404 2617 66611.

234 2654 301 2708 Tull.
322 2653 376 2708 Cio.
395 2653 418 2721 1,
437 2655 489 2706 430
516 2667 555 2718 sq.
576 2652 603 2703 et
630 2650 735 2718 Zumpt,
765 2648 964 2716 Criminalproo.
989 2653 1050 2712 226,
1080 2651 1248 2705 Herennium
1272 2653 1306 2720 (p.
1335 2651 1406 2706 Cael.

235 2747 330 2811 11,25.
351 2747 391 2810 13,
404 2741 448 2810 56)
467 2743 495 2794 et
512 2739 629 2794 Balbum
648 2739 694 2808 (ib.
716 2744 758 2806 11,
769 2742 811 2794 27.
833 2742 876 2805 21,
889 2738 932 2807 53)
951 2739 1018 2794 duas
1037 2740 1122 2794 fuisse
1135 2757 1263 2810 personas
1277 2741 1405 2795 credibile

233 2833 344 2887 ducunt.
381 2829 434 2885 Sed
463 2846 525 2883 cunr
552 2829 581 2881 in
605 2828 745 2883 Caelianae
763 2830 779 2896 §
798 2831 832 2881 29
856 2829 950 2881 cadem
973 2828 1070 2883 iisdem
1087 2831 1143 2884 lere
1163 2830 1252 2884 verbis
1272 2830 1305 2884 de
1323 2829 1407 2884 Balbo

234 2921 305 2974 61616
327 2919 390 2988 sint,
419 2935 487 2988 quae
505 2919 535 2971 in
553 2921 569 2987 §
588 2922 623 2973 25
641 2919 674 2972 66
692 2905 846 2986 Herennio,
865 2935 947 2974 unam
972 2934 1031 2972 esse
1055 2935 1195 2988 personam
1222 2922 1295 2989 puto.
1332 2920 1407 2973 Idem

190 3059 192 3064 .
233 3011 348 3080 fortasse
367 3011 416 3077 est,
443 3009 490 3078 qui
513 3008 607 3062 eodem
625 3011 744 3077 tempore
763 3007 892 3062 Milonem
915 3009 948 3062 66
966 3008 995 3062 vi
1014 3010 1154 3062 accusavit
1173 3009 1281 3079 (Ascon.
1302 3009 1331 3062 16
1349 3008 1407 3062 Mil.

233 3114 258 3166 6.
279 3102 314 3153 35
333 3097 397 3168 Or).
426 3099 522 3153 Drnm.
541 3098 578 3167 Π,
598 3102 658 3153 323.

322 3188 344 3256 ⁴)
364 3186 480 3258 Oetling,
510 3187 686 3242 Garatonium
713 3187 834 3255 61166666
861 3188 906 3256 (of.
927 3185 1009 3240 Orelli
1033 3187 1066 3241 66
1090 3186 1161 3241 Cael.
1182 3188 1197 3254 ξ
1217 3189 1261 3257 27)
1286 3190 1407 3254 6666166,

233 3279 315 3346 negat
328 3276 452 3331 Clodium
464 3277 537 3338 hune
553 3277 660 3332 Clodiae
679 3278 789 3331 fratrem
808 3290 875 3343 esse,
895 3276 968 3344 quod
981 3275 1073 3330 Cicero
1088 3291 1176 3344 66666
1189 3279 1296 3330 tuntum
1315 3279 1408 3330 contra

234 3382 297 3419 eum
316 3367 395 3434 dicat,
415 3383 496 3435 quem
514 3365 576 3420 aliis
594 3367 623 3419 in
642 3365 807 3419 orationibus
827 3363 1001 3418 infestissime
1014 3364 1145 3431 tractarit,
1166 3365 1312 3432 quodcum
1326 3381 1406 3419 accu-

234 3457 350 3509 satorem
368 3472 422 3510 non
441 3454 559 3525 appellat
578 3455 622 3524 (66
636 3458 679 3509 32.
693 3455 747 3523 36),
767 3454 839 3522 6666
852 3469 949 3508 666666
968 3453 1002 3507 ab
1021 3469 1051 3506 eo
1070 3455 1146 3506 actae
1164 3469 1218 3506 non
1238 3453 1292 3507 sint
1311 3454 1338 3522 (§
1352 3455 1406 3521 27).

234 3544 286 3598 Sed
307 3544 464 3614 saepissime
483 3543 607 3599 elocutus
626 3545 701 3598 6616
720 3546 798 3614 gente
825 3542 917 3598 Clodia
935 3557 1043 3596 omnem
1076 3557 1186 3595 causam
1214 3543 1330 3610 pendere
1362 3544 1406 3612 (ol.

233 3651 276 3703 pp.
299 3638 339 3688 19.
354 3634 399 3702 21)
418 3636 446 3687 61
464 3633 565 3687 ironice
585 3634 703 3689 amicum
718 3632 840 3688 olodimn
859 3630 985 3700 appellat.
1004 3629 1147 3684 Praeterea
1160 3632 1266 3685 constat
1278 3630 1408 3685 Milonem

234 3722 268 3776 ab
288 3737 318 3776 66
338 3722 371 3776 66
389 3722 419 3775 vi
438 3724 593 3777 accusatum
613 3739 673 3776 6666
686 3721 778 3791 666116
792 3723 854 3774 ante
869 3719 990 3775 Caelium
1002 3719 1087 3772 16166
1100 3721 1235 3774 vocatum.
1268 3722 1364 3774 Ascon.
1378 3721 1408 3772 in

126 3799 130 3806 ’
234 3810 292 3865 Mil.
312 3829 338 3880 p.
358 3816 401 3867 35.
438 3811 577 3865 Drumann
595 3811 631 3878 Π,
651 3815 712 3866 323.

323 3899 344 3970 ⁵)
362 3899 439 3954 Idem
457 3915 555 3954 nornen
568 3899 668 3970 legitur
679 3900 709 3953 in
723 3898 819 3953 Dionis
831 3899 896 3954 hist.
911 3897 988 3952 Rom.
1000 3902 1043 3966 47,
1057 3901 1104 3964 21;
1125 3899 1172 3952 666
1186 3898 1238 3952 6116
1250 3901 1291 3951 661
1300 3897 1406 3951 mulier.

324 3988 345 4057 ⁶)
364 3987 462 4042 Strabo
483 3992 523 4056 17,
545 3993 657 4056 1,116.
678 3993 729 4044 677
749 3987 877 4057 (Miller).

324 4079 346 4146 τ)
365 4077 460 4132 Strabo
478 4077 496 4132 l.
516 4075 533 4131 l.
554 4077 608 4131 Cio.
629 4078 710 4132 Acad.
729 4077 807 4147 prior.
828 4080 852 4144 2,
873 4080 947 4140 4,]2.

324 4169 346 4234 ⁸)
363 4165 452 4237 Pauly
469 4167 517 4227 VI.
539 4173 562 4237 1,
582 4170 641 4222 227.

324 4257 347 4325 ⁹)
366 4257 421 4327 Cio,
439 4275 464 4327 p.
484 4257 555 4313 Cael.
577 4261 619 4326 16,
633 4260 675 4311 23.
717 4255 811 4311 Strabo
833 4255 851 4309 1.
870 4254 898 4324 l.,
922 4256 969 4324 qui
991 4255 1150 4324 Pompeium
1172 4255 1274 4324 legatos
1298 4269 1408 4307 necasse

233 4347 307 4403 dicit.
