3182 4908
684 443 798 560 itu

244 647 350 710 Xatus
376 665 448 707 sum
470 642 647 706 Heinricus
669 639 922 702 Wieschhoelter
942 637 1136 726 liesboruae
1158 635 1337 698 Guestfalo-

31 827 32 830 Ἴ
159 776 234 818 rum
262 773 347 815 anuo
377 752 408 815 la
436 771 460 814 s.
490 749 576 814 LXI.
605 762 696 831 praue
726 747 909 810 francisco.
939 759 1041 808 matre
1066 746 1165 806 Auua
1196 762 1215 805 e
1241 754 1337 824 geute

157 861 309 925 Boecker.
355 859 457 922 Patris
479 858 677 920 dilectissimi
705 854 814 916 obitus
835 873 949 916 meuse
970 852 1088 915 llartio
1114 851 1214 913 huius
1234 851 1338 933 ipsius

158 972 235 1032 anni
258 987 385 1031 summo
406 985 460 1028 me
482 965 593 1026 dolore
620 963 739 1026 affecit.
765 975 899 1024 matrem
922 963 1075 1042 optimam
1096 961 1163 1020 iam
1184 968 1258 1020 aute
1280 957 1338 1019 hos

158 1077 327 1138 duodecim
357 1093 459 1136 anuos
490 1072 555 1133 lato
589 1070 771 1132 defunctam
806 1088 877 1131 esse
903 1069 1021 1130 cotidie
1049 1085 1175 1149 queror.
1225 1063 1337 1127 fidem

158 1183 310 1266 profiteor
341 1181 541 1244 catholicam.
585 1177 779 1240 litterarum
812 1176 1006 1239 rudimentis
1037 1173 1182 1236 imbutus
1211 1182 1243 1234 et
1273 1172 1338 1254 pri-

159 1290 291 1352 mordiis
323 1289 506 1350 liberalium
540 1284 720 1346 studiorum
749 1286 784 1344 in
810 1285 913 1366 patrio
944 1285 1017 1346 rico
1047 1284 1226 1344 instructus
1256 1298 1339 1362 puer

159 1395 347 1478 quindecim
378 1395 446 1456 fere
486 1411 643 1455 annorum
684 1392 904 1474 gymnasium.
944 1391 1031 1474 quod
1071 1400 1121 1452 est
1150 1390 1186 1450 iu
1220 1387 1338 1471 oppido

159 1502 315 1565 Cocsfeld
333 1500 408 1562 adii.
425 1502 520 1562 cuius
538 1498 707 1581 disciplina
725 1518 783 1580 per
799 1508 865 1560 tres
879 1519 982 1560 anuos
991 1517 1073 1560 usus
1090 1517 1172 1558 sum.
1204 1494 1339 1557 Maturi-

158 1611 233 1670 tatis
266 1608 448 1668 testimonio
481 1608 657 1668 instructus
685 1607 894 1669 Academiam
924 1605 1211 1668 llouasterieusem
1237 1603 1339 1685 petivi

159 1713 276 1776 studiis
311 1712 513 1796 philologieis
544 1733 671 1796 operam
707 1724 890 1776 navaturus
935 1713 999 1776 Per
1020 1711 1072 1774 bis
1094 1730 1189 1773 seuos
1211 1727 1339 1771 meuses

158 1817 205 1882 ibi
218 1825 365 1882 versatus
379 1818 519 1902 lipsiam
537 1841 590 1884 me
608 1821 741 1887 contuli.
762 1839 821 1902 per
834 1833 986 1883 aestatem
1004 1820 1082 1880 anui
1098 1817 1129 1878 u
1143 1837 1168 1880 s
1182 1813 1338 1879 LXXXI

161 1927 331 2010 Gottingae
366 1927 482 1989 studiis
515 1930 636 1990 vacari.
692 1927 816 1990 Deinde
847 1930 883 1990 iu
916 1929 1038 1990 civium
1070 1924 1339 1987 Academicorum

161 2034 379 2118 Lipsiensium
420 2054 593 2097 numerum
632 2037 749 2097 iterum
782 2044 931 2118 receptus
962 2053 1020 2117 per
1051 2033 1156 2094 maius
1187 2031 1340 2113 temporis

161 2144 301 2226 spatium
323 2140 451 2202 infirma
472 2142 659 2205 valetudiue
677 2162 759 2205 usus
777 2163 859 2206 sum.
876 2152 914 2205 ut
931 2141 1047 2204 studiis
1067 2158 1121 2201 me
1139 2139 1214 2200 dare
1230 2139 1340 2200 minus

161 2251 243 2314 mihi
264 2251 385 2312 liceret
431 2247 536 2323 Quare
563 2269 690 2312 summo
718 2250 850 2313 affectus
871 2269 944 2313 sum
966 2270 1008 2332 ga
1022 2248 1095 2327 dio,
1117 2266 1193 2308 cum
1215 2243 1340 2306 viribus

39 2352 43 2363 '
161 2358 312 2421 recreatis
340 2375 378 2418 ea
406 2358 596 2419 mutiuuare
621 2359 722 2440 potui
768 2357 892 2421 Scholis
915 2368 1022 2420 autem
1044 2354 1175 2417 interfui
1196 2355 1339 2415 virorum

38 2474 45 2500 ⁸
162 2466 422 2528 doctissimorum
439 2462 642 2547 Hagcmauu.
660 2463 1153 2550 Koertiug,1augeu,Xiehues,
1175 2460 1340 2540 Xordhoffi

163 2573 268 2650 StahL
290 2571 607 2641 llouasterieusium2
630 2573 817 2641 Baumauu.
840 2572 1002 2647 Guedeke,
1024 2570 1076 2635 W.
1098 2569 1241 2648 Mueller,
1262 2567 1340 2629 Vol-

163 2678 339 2760 quardseu‚
379 2676 520 2760 Sauppe,
556 2679 832 2763 Gottiugeusium;
868 2700 899 2740 r.
932 2679 1076 2758 Bahder,
1113 2676 1340 2754 Biedermauu,

163 2783 308 2862 Curtius²
338 2781 515 2863 Drobisch‚
541 2783 710 2866 Eclrsteiu‚
737 2787 878 2850 Heiuze.
904 2781 1340 2866 Hinu,1ange,1tpsius

163 2889 318 2969 Ribbeck,
340 2889 541 2972 Struempell,
564 2891 601 2955 G.
625 2892 732 2976 Voigt,¹
753 2892 907 2970 Zarucke,
929 2890 1154 2974 lipsiensium.
1195 2889 1259 2952 Per
1279 2890 1341 2951 tria

46 3074 52 3094 ι
164 2998 330 3060 semestria
352 2998 455 3079 spatia
475 2996 602 3080 Iipsiae
625 3005 656 3061 et
674 2999 844 3082 Gottingae
867 2998 1033 3061 seminarii
1053 2998 1136 3079 regii
1157 2996 1340 3080 philologici

163 3103 282 3168 sodalis
315 3103 363 3166 fui
395 3105 670 3169 extraordinarius
705 3106 867 3189 simulque
898 3104 1164 3187 proseminarium
1190 3104 1341 3186 frequen-

163 3214 245 3293 tavi,
271 3231 329 3295 per
356 3211 438 3274 duos
464 3231 566 3275 anuos
592 3215 765 3276 seminaria
792 3222 825 3277 et
847 3211 1072 3275 Germanicum
1095 3217 1128 3274 et
1148 3209 1340 3294 paedagogi-

46 3336 51 3355 ·
164 3340 239 3382 cum
261 3318 390 3403 Lipsiae
413 3318 486 3382 obii

254 3427 344 3490 Viris
372 3427 558 3490 clarissimis
587 3446 662 3489 cum
692 3427 855 3509 omuibus,
885 3429 944 3510 qui
971 3426 1048 3489 iude
1075 3446 1095 3488 a
1122 3425 1262 3508 pueritia
1286 3443 1340 3488 me

45 3552 50 3564 ·
165 3533 360 3616 docuerunt,
386 3536 521 3618 gratiam
549 3533 649 3596 habeo
676 3555 774 3617 quam
797 3537 972 3598 maximam
994 3551 1185 3616 semperque
1206 3531 1340 3614 habebo,

165 3645 234 3702 tum
257 3659 334 3702 tero
360 3661 439 3724 prae
465 3643 578 3704 ceteris
604 3640 801 3725 benignitate
822 3661 876 3705 me
902 3641 963 3704 sibi
986 3640 1229 3704 obstrinxerunt
1250 3659 1340 3723 prae—

167 3754 313 3830 ceptores
335 3747 545 3812 illustrissimi
567 3745 689 3832 lange,
716 3747 817 3812 flebili
838 3755 941 3812 morte
962 3767 1067 3832 nuper
1088 3746 1182 3810 nobis
1204 3753 1340 3829 ereptus

165 3859 197 3916 et
223 3851 368 3936 Lipsius,
397 3875 536 3936 quorum
569 3857 718 3919 comitate
744 3855 867 3918 factum
899 3860 964 3936 est,
992 3860 1030 3918 ut
1057 3852 1340 3918 exercitationibus

166 3961 357 4043 antiquariis
379 3961 533 4026 iuteresse
555 3963 637 4025 mihi
658 3962 784 4043 liceret,
811 3963 898 4026 uude
924 3963 977 4026 his
998 3963 1202 4046 potissimum
1224 3959 1341 4022 studiis
1402 4011 1406 4018 .

166 4086 296 4149 operam
319 4066 402 4131 dedi

619 4265 885 4294 ἤι’-
