3182 4908
737 237 959 298 ...48-

259 414 450 496 peregrinus
472 413 572 494 fieret,
596 413 682 496 quod
711 413 841 495 quidem
871 432 992 476 munus
1025 415 1131 478 minus
1162 415 1299 480 habebat
1331 417 1437 500 digni·

261 520 344 601 taus,
369 539 465 603 quam
488 520 612 600 illud.1)
657 521 843 603 Aegerrime
865 519 899 582 id
921 520 1024 584 ferens
1048 523 1136 584 omni
1166 523 1262 586 modo
1295 525 1436 608 collegae

260 627 445 691 adversatus
469 631 516 690 est
540 645 679 709 eumque
701 625 874 709 prohibuit,
899 646 962 710 quo
986 628 1095 692 minus
1122 647 1256 693 munere
1288 629 1435 714 fungere·

145 757 148 764 ¹
259 737 320 799 tur.
366 731 558 797 Debitorum
581 751 709 797 causam
734 733 875 816 suscepit
896 733 1002 816 iisque
1025 735 1184 798 auxilium
1217 736 1285 800 fore
1317 739 1436 822 promi·

258 840 307 921 sit,
331 841 387 922 qui
412 841 452 904 de
475 841 695 904 aestimatione
719 846 750 904 et
773 839 932 903 solutione
956 859 998 903 ex
1022 841 1094 924 lege
1113 840 1257 906 Caesaris
1281 845 1436 927 appellas*

259 948 372 1025 senff)
427 944 508 1010 Cum
536 951 641 1010 autem
665 965 760 1010 nemo
790 947 985 1028 invocasset,
1016 948 1086 1030 ipse
1127 948 1230 1031 legem
1271 951 1357 1032 ¹tulit,
1400 955 1438 1014 ut

258 1054 396 1116 sexenni
420 1052 471 1116 die
481 1055 505 1133 3)
530 1054 599 1118 sine
622 1053 730 1116 usuris
754 1052 893 1117 creditae
914 1053 1069 1136 pecuniae
1093 1055 1301 1138 solverentur,
1316 1059 1338 1124 i
1354 1076 1379 1121 e.
1398 1063 1438 1120 ut

258 1179 311 1222 aes
335 1161 475 1224 alienum
503 1161 587 1223 intra
620 1179 679 1224 sex
711 1178 812 1224 annos
845 1158 1055 1223 creditoribus
1086 1161 1284 1244 redderetur,
1317 1183 1437 1228 usurae

257 1270 365 1330 autem
387 1268 517 1330 interim
539 1286 607 1330 non
631 1267 790 1330 darentur.
838 1264 899 1330 Cui
921 1266 988 1348 logi
1011 1284 1086 1330 cum
1104 1269 1264 1332 resisteret
1278 1268 1437 1334 Servilius

259 1372 380 1456 consul,
404 1392 510 1456 neque
533 1393 575 1436 ex
597 1373 716 1457 populo
740 1377 855 1454 essent,
880 1374 937 1455 qui
959 1373 1111 1455 faverent,
1135 1375 1211 1438 alias
1245 1376 1327 1440 duas
1359 1397 1438 1442 con·

257 1479 348 1541 tinuo
364 1479 589 1564 promulgavit,
606 1501 745 1564 quorum
761 1480 859 1544 altera
873 1478 1078 1543 habitationis
1096 1481 1274 1545 mercedem
1293 1503 1437 1547 annuam

257 1584 447 1650 conductori
471 1587 610 1669 donavit,
633 1587 733 1651 altera
755 1586 881 1650 tabulas
904 1605 1004 1648 novas
1031 1587 1173 1669 protulit,
1220 1588 1269 1651 lte
1291 1591 1437 1655 multitu-

257 1691 365 1756 dinem
389 1693 452 1758 sibi
475 1695 656 1758 conciliavit
678 1695 864 1778 impetuque
882 1694 917 1754 in
931 1691 1080 1756 lhebcnii
1098 1693 1241 1757 tribunal
1258 1695 1340 1760 tacto
1361 1715 1435 1762 eum

256 1796 445 1863 deturbavit.
491 1801 572 1864 Tum
595 1801 751 1866 Servilius
774 1799 889 1864 consul
912 1799 1040 1862 cohorte
1062 1801 1219 1882 praetoria
1242 1821 1277 1865 se
1300 1805 1436 1868 circum-

212 1915 216 1922 “
255 1905 343 1970 dedit
370 1926 411 1970 ex
440 1907 606 1989 militibus,
630 1910 686 1991 qui
708 1909 743 1970 i'n
768 1907 906 1972 Galliam
928 1905 1027 1986 ibant,
1051 1912 1237 1989 comparata.
1280 1908 1435 1975 Senatum

254 2015 367 2096 coegit,
392 2016 448 2097 qui
472 2013 655 2080 Caeliuma
685 2034 720 2078 re
750 2013 879 2098 publica
919 2011 1151 2076 removendum
1192 2032 1261 2078 esse
1302 2020 1436 2082 censuit.

256 2117 335 2184 Eius
360 2124 547 2187 auctoritate
570 2125 661 2187 nisus
685 2122 797 2187 consul
825 2119 965 2201 tabulas,
997 2121 1032 2181 in
1066 2119 1183 2202 quibus
1216 2119 1316 2185 Caelii
1347 2125 1434 2208 leges

256 2228 392 2310 scriptae
425 2235 524 2312 erant,
547 2231 617 2294 tolli
639 2230 741 2309 iussit,
764 2228 875 2292 sellam
898 2228 967 2290 eius
986 2227 1132 2290 curulem
1155 2227 1295 2311 tregru),
1319 2235 1432 2295 senatu

257 2353 330 2398 eum
353 2339 463 2418 movit,
487 2338 667 2401 contionem
690 2355 730 2399 ne
753 2334 893 2415 haberet,
915 2334 1090 2415 impedivit.
1136 2332 1323 2399 Mandatum
1347 2339 1432 2400 enim

257 2444 382 2506 consuli
407 2449 482 2526 erat,
504 2463 545 2507 ne
570 2444 647 2525 quid
671 2442 853 2506 detrimenti
877 2439 1080 2523 respublica
1104 2446 1236 2523 caperet.
1248 2441 1272 2524 ⁵)
1316 2441 1374 2504 llla
1396 2441 1431 2503 in

257 2551 476 2634 desperatione
517 2569 626 2613 rerum
668 2549 812 2612 omnium
846 2545 972 2611 Caelius
1014 2545 1142 2611 ultimas
1175 2548 1216 2611 ad
1249 2547 1432 2612 Ciceronem

256 2657 413 2738 litterasss)
436 2658 531 2738 misit,
555 2655 674 2738 quibus
698 2653 841 2718 Caesaris
863 2658 968 2736 partes
992 2657 1023 2717 et
1046 2654 1164 2717 amicos
1189 2653 1361 2719 detestatus
1385 2675 1434 2720 sc-

259 2783 321 2847 que
344 2766 409 2827 iam
434 2764 573 2827 effecisse
600 2763 755 2852 gloriatus
789 2766 849 2843 est,
890 2765 928 2823 ut
969 2779 1079 2824 omnes
1110 2761 1145 2823 in
1187 2760 1267 2824 urbe
1308 2767 1438 2845 praeter

257 2871 470 2936 faeneratores
493 2870 664 2934 nonnullos
687 2868 841 2952 Pompeio
865 2867 1038 2932 studerent.
1085 2865 1126 2930 Se
1150 2866 1338 2951 Pompeium
1361 2871 1435 2932 vin-

258 2997 329 3042 cere
353 2983 539 3042 coacturum
563 2975 673 3060 essel)
718 2974 818 3038 Missa
851 2979 899 3038 est
925 2975 1026 3057 igitur
1048 2974 1224 3057 epistulas),
1262 2980 1435 3057 antequam

257 3085 430 3169 Pompeius
453 3085 619 3148 victoriam
643 3082 683 3146 ad
706 3080 944 3163 Dyrrhachium
966 3081 1147 3164 reportavit.

346 3191 473 3256 Interea
496 3189 622 3254 Caelius
645 3189 768 3253 nuntiis
791 3188 832 3252 ad
854 3186 1008 3251 Milonem
1031 3189 1151 3266 missis,
1185 3190 1241 3271 qui
1273 3187 1438 3254 Massiliae

259 3300 352 3364 exsul
370 3280 516 3364 ¹aetatem
549 3296 696 3381 degebat,
729 3297 868 3360 amicum
899 3295 935 3358 in
958 3293 1085 3358 Italiam
1116 3296 1286 3359 revocavit.
1332 3295 1372 3356 In
1397 3316 1439 3361 eo-

254 3425 470 3438 Μ

349 3477 369 3546 ¹)
388 3476 440 3530 Dio
459 3479 502 3544 42,
522 3478 563 3528 22.
601 3473 691 3542 Lange
708 3472 730 3542 I,
750 3475 802 3527 779
821 3486 880 3542 squ.
917 3469 1015 3524 Festus
1033 3485 1055 3524 e.
1074 3487 1100 3524 v.
1125 3467 1271 3538 ,maiorem‘
1290 3469 1319 3522 ot
1337 3473 1434 3538 ,maxi.

258 3567 341 3620 mum‘
360 3581 386 3634 p.
408 3569 466 3620 161.
504 3563 601 3619 caesar
619 3565 711 3618 contra
728 3577 832 3616 morem
850 3560 914 3629 egit,
933 3560 1068 3629 praetores
1087 3556 1157 3611 enim
1172 3555 1353 3614 sortiebantur
1370 3574 1432 3628 pro-

258 3653 373 3708 vincias.
411 3654 445 3708 cl.
463 3655 531 3722 App.
552 3651 611 3706 bell.
631 3651 684 3706 civ.
704 3655 729 3719 2,
751 3653 809 3704 112.
846 3647 917 3702 Plut
935 3648 1014 3706 Brut.
1034 3651 1058 3701 7.

349 3741 370 3810 ²)
390 3741 488 3796 Caesar
505 3741 566 3797 bell.
586 3741 637 3796 civ.
656 3746 681 3810 3,
701 3744 743 3795 20.
764 3743 805 3792 21.
843 3735 895 3792 Dio
913 3735 931 3790 l.
950 3735 968 3790 l.
989 3738 1103 3791 22-25.

350 3832 372 3904 ³)
396 3831 471 3886 codd.
503 3831 593 3886 sexies
624 3830 681 3884 seni
708 3829 764 3895 die;
807 3826 880 3894 edit,
913 3841 980 3894 quas
1014 3823 1129 3894 inspexi,
1163 3840 1255 3880 omnes
1284 3825 1433 3880 seeundum

258 3920 288 3977 P.
308 3920 413 3976 Manuti
441 3920 622 3975 coniecturam
640 3917 753 3972 sexenni
771 3916 822 3970 die.
841 3915 874 3969 of.
898 3915 933 3969 od
951 3914 1014 3969 fam.
1034 3918 1059 3978 7,
1079 3917 1121 3984 23,
1143 3917 1166 3970 1.
1191 3915 1226 3969 ad
1243 3915 1301 3972 Au.
1322 3918 1362 3981 12,
1376 3918 1435 3982 3,2

259 4026 359 4080 ,annua
377 4010 438 4065 die‘.
469 4009 565 4079 Longe
583 4008 633 4077 tn,
653 4010 705 4061 426
724 4021 764 4076 sq.

347 4099 371 4170 ⁴)
390 4099 480 4168 Quint
499 4102 525 4167 6,
544 4102 570 4166 3,
589 4100 632 4152 25.

349 4190 371 4258 Ι5)
389 4188 440 4245 mo
458 4188 476 4242 1.
491 4188 513 4264 t.
534 4191 576 4242 aa.
650 4185 911 4258 ananau,
977 4157 1085 4256 Just.

349 4281 371 4349 ⁸)
389 4278 484 4333 Mense
502 4279 558 4332 fero
576 4275 662 4346 Aprili
681 4273 789 4342 706148.
826 4273 947 4348 Fischer,
966 4271 1043 4329 num.
1062 4268 1205 4326 Zeittafeln
1224 4271 1285 4326 278.
