3182 4908
664 345 882 406 -21—

185 544 288 588 mores
311 523 428 608 perditi
452 524 596 586 omnium
616 527 722 588 essent
740 523 774 583 in
796 540 858 604 ore,
878 520 1030 584 credibile
1047 541 1113 584 non
1133 527 1187 585 est.
1220 521 1361 605 Repulsu-

186 650 280 716 porro
308 631 373 694 lata
401 629 485 692 inter
513 627 762 691 innumerabilia
790 633 1013 690 accusatorum
1042 629 1178 704 crimina
1200 647 1360 711 nusquam

187 725 302 801 audita
319 741 374 800 est.
420 734 568 819 Denique
596 733 743 798 infinitus
773 733 912 812 ambitus
935 736 969 796 in
994 741 1184 818 quaesturae
1207 735 1360 817 petitione

187 847 245 907 six
277 843 494 921 admittiturl)
548 840 659 904 Oausis
699 861 779 924 quas
818 842 911 905 attuli
948 843 1138 924 comparatis
1175 839 1359 924 Zumptium

188 957 315 1014 secutus
334 969 414 1031 sum,
429 950 490 1032 ,qui
508 968 566 1032 pro
585 950 687 1011 amico
710 950 932 1032 magistratum
952 953 1079 1033 petente
1094 967 1168 1012 eum
1183 948 1361 1012 elaborasse

189 1063 304 1122 censet.
315 1058 338 1138 ²)
375 1056 511 1120 Tantum
530 1060 654 1146 constat
672 1053 815 1119 Caelium
835 1061 1036 1138 quaestorem
1054 1049 1125 1118 non'
1140 1060 1232 1119 antea
1249 1055 1361 1136 fuisse,

190 1184 284 1247 quam
308 1163 347 1227 de
370 1164 403 1226 vi
425 1167 592 1226 accusatus
617 1167 648 1226 et
671 1161 837 1226 absolutus
861 1161 952 1244 est.⁸)
997 1161 1080 1225 Nam
1104 1181 1210 1246 neque
1233 1181 1362 1227 aecusa-

188 1278 271 1336 tores
303 1289 424 1334 munus
456 1271 485 1333 ei
517 1269 721 1350 obiecerunt,
753 1288 858 1352 neque
891 1253 1000 1332 Cicero
1032 1267 1191 1351 laudavit,
1224 1289 1362 1353 quorum

188 1380 375 1443 alterutrum
404 1376 525 1440 factum
557 1395 626 1440 esse
655 1376 845 1460 magistratu
868 1382 958 1460 gesto
982 1393 1076 1438 nemo
1100 1374 1236 1458 negabit
1283 1376 1362 1439 Am-

187 1486 273 1548 bitus
297 1488 405 1547 autem
433 1485 554 1546 crimen
584 1482 672 1547 haud
695 1486 757 1546 scio
781 1503 822 1546 an
845 1483 921 1546 inde
945 1487 1074 1565 captum
1097 1484 1152 1563 sit,
1182 1482 1268 1565 quod
1292 1481 1362 1546 Cal-

187 1594 342 1676 purnium
364 1590 516 1670 Bestiam,
540 1591 596 1672 qui
621 1607 705 1652 anno
730 1586 852 1676 serpet
877 1595 1056 1673 praeturam
1075 1591 1188 1673 petivit
1196 1591 1220 1670 4)
1245 1591 1363 1672 etipse

189 1699 328 1762 ambitus
359 1701 526 1760 accusatus
555 1697 644 1777 esu),
674 1696 709 1758 in
737 1698 890 1779 petitione
912 1698 1034 1760 iuvisse
1057 1702 1089 1760 ct
1112 1701 1310 1779 sequestrem
1333 1697 1363 1758 ei

191 1825 224 1868 se
246 1805 441 1889 praestitisse
463 1803 633 1881 ridetur.⁵)

280 2124 440 2208 Impetum
463 2128 637 2206 utrumque
660 2125 695 2187 in
723 2124 862 2187 Atratini
884 2123 1002 2187 famam
1021 2122 1146 2187 Caelius
1170 2142 1236 2186 non
1259 2123 1363 2187 solum

190 2232 306 2296 frustra
329 2231 412 2310 fecit,
442 2231 518 2313 quia
540 2248 615 2293 reus
638 2232 754 2294 iterum
779 2229 944 2294 absolutus
968 2237 1015 2295 est
1028 2232 1060 2313 ⁷),
1088 2230 1142 2294 sed
1166 2230 1246 2293 alter
1268 2231 1363 2293 etiam

190 2341 219 2402 ei
251 2339 313 2423 ipsi
344 2337 421 2400 fons*
453 2337 561 2420 gravis
599 2338 734 2420 periculi
767 2336 837 2402 fuit.
892 2337 1067 2421 Postquam
1100 2339 1186 2404 enim
1220 2333 1363 2399 Clodiam

191 2445 373 2529 deseruitS),
397 2446 464 2508 sive
484 2464 558 2510 eum
578 2445 820 2509 consuetudinis
840 2464 914 2508 cum
932 2445 1068 2508 muliere
1087 2448 1363 2528 pertaesnmerat,

190 2555 258 2617 sive
280 2573 395 2636 parum
419 2551 675 2637 splendidam-se
698 2554 912 2636 praestiterat,
941 2554 1008 2616 sive
1031 2553 1094 2615 alia
1118 2551 1363 2635 qualiscumque

190 2659 336 2722 simultas
358 2658 619 2741 intercesseratl),
648 2658 776 2741 iratam)
803 2659 858 2722 illa
883 2659 1043 2743 quomodo
1066 2677 1202 2742 poenam
1225 2663 1364 2722 sumeret

190 2764 342 2827 meditata
371 2772 427 2829 est.
473 2765 636 2829 Excitavit
662 2767 771 2848 igitur·
794 2765 981 2829 Atratinum
1008 2766 1167 2847 filiumss),
1200 2771 1235 2829 ut
1266 2764 1364 2829 (laelii
1408 2835 1410 2838 ,

191 2890 307 2935 nomen
321 2846 376 2934 ⁸de
404 2873 437 2933 ri
467 2872 600 2936 deferret
631 2873 671 2934 ad
693 2871 756 2934 Cn.
779 2869 958 2936 Domitium
983 2872 1151 2936 Calvinum
1178 2878 1364 2956 praetorem,

192 2980 279 3062 quod
301 2977 435 3062 Neapoli
459 2979 631 3042 seditiones
662 2983 772 3041 contra
798 2997 868 3042 rem
894 2980 1055 3064 publicam
1078 2981 1245 3060 movisset,
1278 2978 1364 3062 quod

190 3090 224 3150 in
248 3086 357 3151 Pallae
385 3086 554 3149 cuiusdam
584 3085 675 3148 bonis
705 3084 787 3147 male
811 3091 956 3150 versatus
979 3091 1075 3167 esset,
1110 3086 1196 3170 quod
1219 3085 1363 3149 Puteolis
1406 3077 1409 3083 ’

189 3196 311 3278 legatos
334 3193 574 3258 Alexandrinos
597 3193 769 3275 pulsasset,
800 3192 889 3274 qnod
911 3190 1046 3258 Diouem
1080 3194 1149 3256 vita
1177 3194 1364 3275 privaturus

283 3372 303 3440 1)
323 3371 429 3438 Zumpt,
457 3368 662 3424 Criminalrecht
679 3368 715 3435 11,
731 3372 832 3435 ·1,274.
869 3369 946 3422 Adde
970 3367 1042 3442 quod
1065 3367 1171 3438 largitio
1194 3368 1364 3437 potissimum

190 3460 294 3516 obieeta
313 3476 372 3515 esse
391 3459 499 3512 videtur
517 3458 552 3527 (p.
571 3455 764 3526 Calcare),
784 3456 866 3511 Caelii
883 3460 975 3512 autem
994 3473 1058 3526 opes
1079 3458 1124 3512 ille
1143 3460 1262 3527 ternpore
1285 3460 1364 3512 tenu-

191 3548 305 3616 issimae,
324 3566 358 3604 ne
376 3549 466 3602 dicam
484 3546 574 3605 nullas
592 3549 675 3600 eraut.
694 3563 720 3615 p.
740 3545 810 3601 Cael.
832 3550 908 3615 7,17.
931 3550 972 3614 18,
986 3550 1027 3600 42.
1050 3552 1144 3606 19.44.
1167 3552 1207 3616 13,
1224 3552 1268 3602 31.
1309 3547 1363 3600 Pro

190 3635 252 3690 aliis
271 3653 331 3690 eum
350 3642 492 3708 argentum
511 3635 635 3690 divisisse
653 3635 802 3690 verisimile
820 3635 904 3706 igitur
922 3639 972 3691 est.

281 3725 302 3792 a)
322 3726 526 3782 Criminalrecht
544 3725 561 3780 l.
580 3724 598 3779 l.
676 3724 699 3794 8)
717 3725 851 3780 Dissentit
868 3740 940 3779 unus
958 3724 1082 3794 Pighius.
1101 3725 1134 3780 cl.
1154 3743 1178 3794 p.
1199 3729 1241 3780 20.

279 3816 300 3880 ⁴)
321 3814 406 3884 Pauly
424 3817 461 3880 11,
483 3821 542 3870 100.

279 3904 300 3972 ⁵)
320 3919 344 3960 a.
363 3904 388 3958 d.
402 3903 451 3958 Ili.
464 3904 505 3958 Id.
524 3904 601 3959 Febr.
618 3909 676 3975 698,
684 3908 717 3958 56
733 3903 827 3958 Cicero
840 3919 903 3958 eum
916 3903 1036 3958 defendit
1056 3903 1099 3972 (ad
1109 3902 1201 3978 Quint.
1211 3904 1243 3956 fr.
1255 3907 1279 3970 2,
1290 3908 1315 3970 3,
1326 3904 1361 3970 6).

279 3994 300 4062 ⁰)
318 4007 366 4061 pro
386 3991 454 4046 Cael.
477 3999 517 4060 u,
528 3997 570 4046 26.
590 3992 733 4047 Abramtus
753 3993 805 4048 hoo
824 4009 872 4060 pro
890 3995 963 4047 certo
983 3992 1137 4048 affirmavit.
1157 3990 1241 4046 Orelli
1252 4007 1312 4046 ann.
1329 3992 1361 4044 ad

190 4081 259 4135 Cael.
281 4088 322 4150 11,
342 4085 385 4135 26.

823 4173 844 4241 8)
863 4189 888 4240 p.
909 4171 979 4227 Cael.
1002 4177 1042 4240 13,
1052 4177 1095 4226 31.
1117 4177 1158 4240 15.
1169 4175 1211 4226 36.
1231 4174 1273 4237 25,
1285 4173 1326 4222 61.

670 4261 703 4326 10)
722 4278 747 4329 p.
767 4261 838 4316 Cael.
858 4265 900 4328 22,
921 4267 961 4318 55.
