3218 4914
686 323 906 386 ..39-

209 522 285 566 reus
308 502 413 564 factus
437 498 536 564 Caelii
561 499 721 562 auxilium
743 500 942 583 imploravit,
970 504 1008 562 ut
1031 497 1140 562 Cicero
1164 518 1205 561 ex
1223 501 1389 582 provincia

210 615 306 673 testes
329 608 502 670 benevolos
525 607 672 670 mitteret
720 604 846 670 Caelius
873 608 967 670 istam
991 625 1059 669 rem
1080 606 1265 689 proconsuli
1287 607 1389 670 studi-

211 717 299 779 osius
322 714 569 794 commendavit,
599 732 640 777 ne
667 714 849 777 intermissa
877 715 947 777 eius
976 732 1054 777 cura
1081 714 1221 797 suspicio
1245 717 1389 777 oreretur

213 821 399 886 Ciceronem
423 826 587 884 auctorem
610 821 753 884 criminis
777 839 854 884 esse.
865 819 890 904 1)
933 819 1016 884 Nam
1040 825 1072 884 et
1103 821 1247 884 simultas
1257 818 1282 903 2)
1305 821 1389 883 inter

213 930 397 993 consulares
419 929 505 1012 ipsos
529 927 672 1003 suberat,
703 933 734 991 et
756 925 923 992 Dolabella
947 926 1109 991 Ciceronis
1136 926 1237 990 filiam
1263 928 1388 990 inma-

212 1037 400 1098 trimonium
424 1034 579 1098 ducturus
603 1036 710 1114 erat.³)
757 1033 883 1098 Caelius
910 1053 968 1118 pro
996 1035 1100 1118 gratia
1121 1033 1276 1119 beneficii,
1302 1035 1387 1117 quod

211 1144 245 1204 in
268 1142 411 1225 Appium
443 1142 634 1222 contulerat,
666 1143 838 1225 pecuniam
869 1160 903 1205 se
931 1141 1124 1225 adepturum
1147 1161 1216 1208 esse
1239 1143 1388 1225 speravit,

211 1251 318 1331 itaque
341 1251 517 1332 aegerrime
540 1250 627 1330 tulit,
660 1249 746 1330 quod
769 1267 837 1310 non
859 1248 964 1311 solum
986 1250 1121 1331 gratiam
1143 1247 1267 1312 nullam
1289 1253 1388 1311 rettu-

208 1355 245 1419 lit
267 1356 395 1439 Appius
417 1375 478 1419 nec
500 1357 668 1439 pecuniam
687 1355 783 1436 dedit,
807 1353 863 1418 sed
882 1356 978 1418 etiam
997 1373 1034 1418 eo
1052 1355 1208 1438 ingratiae
1226 1355 1388 1437 processit,

208 1468 245 1526 ut
268 1481 343 1526 cum
368 1460 467 1525 Caelii
488 1462 627 1524 inimicis
649 1461 762 1525 toedus
784 1460 916 1544 inirem)
939 1466 971 1525 et
992 1481 1050 1546 per
1072 1462 1184 1526 Polam
1203 1460 1388 1544 Servium),

210 1570 376 1633 bominem
402 1567 575 1632 accusandi
599 1568 842 1652 cupidissimum
851 1567 885 1652 ⁶),
908 1569 979 1652 lege
1002 1569 1167 1634 Scantinia
1190 1568 1229 1634 de
1251 1567 1388 1632 nefanda
1412 1639 1423 1662 ἢ

211 1675 338 1739 Venere
373 1693 448 1738 eum
483 1676 700 1758 postularetb
759 1675 927 1740 Praeterea
964 1677 1134 1740 consilium
1167 1677 1281 1740 inierat
1313 1694 1389 1738 cnm

210 1781 244 1844 L.
267 1780 408 1844 Domitio
416 1780 449 1864 8),
482 1784 537 1864 qui
568 1780 674 1846 Caelio
707 1801 778 1846 eam
810 1781 850 1846 ob
884 1802 1012 1847 causam
1044 1783 1271 1865 insidiabatur,
1301 1781 1387 1865 quod

212 1908 287 1962 cum
304 1890 446 1952 Antonio
464 1889 605 1966 faciebat,
625 1895 817 1973 auguratum
836 1910 910 1955 cum
929 1889 1070 1954 Domitio
1088 1895 1222 1974 petente.
1233 1888 1258 1973 9)
1281 1889 1388 1972 Atque

211 2014 286 2058 cum
315 1996 440 2079 Appius
463 1993 617 2079 Pompeio
647 2001 758 2080 gratus
790 2016 859 2061 esse
892 1997 953 2062 sibi
982 1998 1157 2080 videretur,
1191 1997 1218 2059 si
1242 1993 1388 2059 Caelium

210 2107 339 2187 propter
367 2103 503 2186 gratiam
530 2104 564 2164 in
587 2104 767 2167 Antonium
800 2104 949 2168 collatam
978 2103 1244 2188 reprehendisset,
1275 2103 1337 2166 iste
1369 2122 1388 2164 a

211 2211 351 2274 censoris
374 2210 497 2293 collega
520 2210 647 2293 Pisone,
671 2212 725 2274 cui
748 2217 878 2295 propter
899 2217 1004 2295 partes
1027 2210 1231 2274 Caesarianas
1253 2208 1387 2290 favebat,

210 2317 372 2380 auxilium
400 2322 511 2400 petens
539 2318 669 2382 adiutus
699 2320 802 2399 est10)
849 2319 898 2382 lta
921 2318 1115 2403 approbante
1137 2316 1255 2401 populo
1279 2317 1387 2380 statim

208 2425 351 2508 Appium
382 2425 494 2488 eadem
526 2424 597 2508 lege
629 2423 862 2509 postulavit.11)
907 2424 1053 2508 Utraque
1082 2443 1178 2488 causa
1209 2425 1245 2487 in
1267 2423 1386 2486 iudicio

206 2530 338 2683 ffifiw)
361 2530 461 2596 Drusi
485 2537 555 2595 acta
579 2551 648 2596 esse
670 2531 805 2596 videtur.
851 2531 901 2596 De
931 2536 1048 2596 eventu
1076 2531 1158 2594 nihil
1189 2537 1387 2613 compertum

231 2640 248 2682 a
271 2639 369 2684 emus.

299 2727 367 2790 illis
392 2747 466 2792 cum
488 2729 594 2812 Appio
619 2729 754 2812 eiusque
777 2730 882 2810 sociis,
907 2730 963 2812 qui
986 2747 1097 2794 omnes
1120 2747 1139 2790 a
1161 2726 1295 2810 Pompei
1317 2745 1388 2809 par·

209 2833 296 2897 tibus
320 2833 460 2917 stabant,
490 2833 601 2899 litibus
625 2835 772 2900 effectum
795 2854 864 2900 esse
887 2835 1029 2918 videtur,
1058 2840 1095 2899 ut
1118 2833 1245 2898 Caelius
1268 2833 1307 2897 ab
1330 2833 1386 2896 illo

210 2942 340 3004 omnino
364 2940 511 3005 deficeret
535 2946 567 3005 et
589 2941 630 3006 ad
653 2941 819 3007 Caesarem
846 2962 880 3006 se
903 2941 1069 3007 conferret.
1078 2944 1116 3022 13)
1162 2940 1387 3006 Honestiorem

210 3047 340 3130 quidem
357 3047 490 3131 Pompei
509 3067 639 3112 causam
657 3050 821 3132 iudicavit,
844 3050 901 3113 sed
921 3047 1063 3113 Caesaris
1085 3048 1259 3112 firmiorem
1277 3047 1386 3129 itaque

210 3154 366 3237 optimum
390 3173 500 3219 eorum
523 3155 693 3240 refugium,
718 3159 775 3242 qui
799 3176 873 3220 cum
897 3158 1011 3220 timore
1035 3160 1091 3219 aut
1113 3154 1197 3218 mala
1220 3172 1275 3237 spe
1298 3154 1386 3216 vive-

206 3265 286 3326 rent.
333 3259 507 3345 Pompeius
530 3266 678 3328 senatum
706 3283 817 3328 secum
845 3263 971 3345 habuit,
1010 3263 1231 3326 adulescentes
1261 3259 1387 3324 nobiles

297 3616 318 3680 ¹)
338 3618 372 3671 ad
390 3618 454 3673 iam.
474 3622 535 3687 8,6‚
548 3623 624 3672 1-3.
699 3617 721 3687 ⁹)
739 3617 833 3672 Drum.
843 3616 861 3672 1.
871 3616 889 3671 l.
900 3634 959 3686 squ.

296 3704 307 3736 ³
337 3706 371 3760 ao
390 3706 452 3762 lam.
472 3712 497 3776 a,
517 3711 542 3776 c,
556 3711 581 3761 2.
604 3711 679 3776 13,1.
700 3712 725 3776 3,
741 3710 782 3776 12,
793 3711 817 3761 2.
838 3707 946 3764 aune.
967 3711 992 3776 c,
1012 3711 1037 3776 c,
1050 3712 1073 3760 1.

296 3795 600 3866 ι)1111111111.8,12,1.
674 3795 832 3865 ⁵)ib.§2.

297 3883 319 3953 6)
337 3884 409 3937 idem
429 3884 550 3939 Caelium
569 3884 746 3956 quadriennio
766 3887 829 3939 ante
847 3884 928 3939 minis
947 3885 1089 3939 insecutus
1109 3886 1173 3940 erat.
1193 3901 1218 3954 p.
1240 3887 1282 3940 28.

297 3973 607 4042 7)111111111ι.1.1.ξ2.
681 3974 756 4044 ⁸)ib.
776 3974 792 4044 ξ
814 3980 837 4028 1.
910 3974 1383 4045 1)11).ἐ4.111111111111111114,1.

279 4062 312 4132 10)
332 4062 446 4117 adium.
466 4067 491 4132 8,
512 4067 553 4133 12,
573 4067 598 4118 2.
632 4121 636 4130 ,
673 4063 842 4134 11)111.53.

279 4150 492 4222 12)ιι11111111.11,
514 4157 554 4221 14,
575 4157 600 4207 4.
638 4154 671 4208 ci.
690 4153 781 4224 Iunge
799 4151 835 4222 Π,
855 4157 906 4208 667
938 4154 971 4207 de
995 4152 1054 4224 lege
1080 4153 1225 4208 Scantinia.
1253 4151 1303 4220 111,
1322 4155 1383 4206 318.

207 4243 259 4294 386
278 4239 311 4293 de
330 4239 427 4295 Druso.
446 4241 481 4298 ib.
501 4245 554 4298 402
573 4243 606 4295 de
625 4242 748 4311 partibus
766 4243 795 4296 in
814 4241 979 4312 republica.

279 4328 643 4400 18)11(1111111.8,14,2.3.
