3182 4908
653 212 873 272 ,49-

179 393 332 456 maiorem
360 410 448 475 spem
479 393 639 474 posuerat,
673 388 760 472 quod
791 388 998 472 gladiatoriae
1029 388 1168 452 familiae
1200 391 1353 473 reliquias

180 498 359 583 11111111)
406 496 522 561 Contra
545 495 711 561 Caesarem
734 491 842 560 autem
866 505 940 559 eum
966 495 1103 560 libenter
1133 500 1369 580 pugnaturum

180 627 249 672 osse
267 607 343 670 indo
367 605 510 686 deduxit,
525 604 611 688 quod
630 605 781 668 exclusus
801 608 868 668 erat
886 623 997 674 eorum
1018 623 1163 686 numero,
1186 605 1243 687 qni
1264 603 1352 674 illius

179 713 282 799 leger)
304 715 339 776 in
361 714 524 796 integrum
547 711 686 776 restituti
705 716 803 778 erant.
834 710 963 776 Milonis
985 711 1086 795 igitur
1108 711 1230 776 auxilio
1252 711 1353 776 fretus

182 820 309 886 Caelius
331 819 508 884 tumultum
532 823 642 882 contra
661 817 826 883 Caesarem
849 820 883 882 in
906 818 1000 882 Italia
1023 807 1352 900 1111111111111111)

182 929 246 994 Sed
261 931 355 993 etiam
377 928 457 992 haec
480 946 555 991 eum
578 945 649 1010 spes
672 926 789 991 fefellit.
816 925 894 990 Milo
919 925 1048 1010 quidem
1072 945 1146 990 cum
1169 927 1353 999 cohortibus

180 1039 216 1100 iu
238 1037 365 1100 Italiam
388 1036 487 1117 venit,
519 1034 574 1098 sed
606 1034 688 1098 nihil
718 1033 858 1118 profecit.
904 1032 1029 1097 Caelius
1060 1033 1175 1098 urbem
1206 1053 1353 1118 egressus

182 1145 347 1208 simulavit
370 1162 403 1206 se
427 1142 467 1206 ad
491 1140 656 1206 Caesarem
678 1140 846 1224 proficisci.
899 1140 1051 1205 Servilius
1092 1146 1217 1204 autem‘
1241 1141 1352 1206 consul

180 1251 387 1335 suspiciosus,
406 1255 439 1314 ut
453 1249 676 1331 custodiretur,
692 1250 877 1331 emovitne
892 1248 971 1332 quid
986 1249 1061 1312 novi
1078 1249 1211 1312 moliret.
1233 1247 1354 1313 -Miloni
1456 1251 1458 1254 ’

180 1357 302 1422 bellurn
325 1359 483 1421 indictum
506 1362 561 1421 est.
607 1356 761 1420 Attamen
784 1355 911 1420 Caelius
934 1371 1047 1440 parum
1066 1361 1157 1421 caute
1175 1356 1353 1427 custoditus

182 1465 299 1548 effugit.
346 1464 408 1529 Sed
431 1464 550 1528 1111111
571 1463 684 1542 ltaliae
706 1463 867 1528 inferioris
889 1465 1012 1529 incolas
1045 1463 1222 1528 sollicitare
1246 1465 1352 1528 conati

182 1578 267 1637 sunt.
313 1571 434 1635 Milone
456 1571 621 1636 interiecto
646 1569 771 1636 Caelius
793 1571 927 1635 Thurios
956 1574 1109 1654 pervenit.
1155 1571 1206 1634 Ibi
1238 1572 1354 1655 equiti-

183 1679 246 1744 bus
270 1677 427 1760 Caesaris,
457 1681 513 1762 qui
534 1677 685 1763 praesidii
709 1698 804 1743 causa
826 1681 863 1746 in
893 1678 949 1741 illa
979 1679 1110 1762 regione
1135 1678 1354 1760 versabantur,
1382 1709 1384 1714 ·

180 1788 353 1871 pecuniam
375 1787 537 1870 pollicitus
560 1792 616 1869 111,
638 1791 675 1850 11
698 1805 752 1850 111
776 1785 838 1849 sibi
860 1786 1052 1850 conciliaret.
1086 1785 1167 1850 Cum
1184 1803 1261 1849 vero
1281 1804 1355 1849 cum

182 1895 221 1958 iis
245 1894 403 1976 convenit,
427 1895 552 1958 occisas
575 1893 670 1978 est4),
691 1895 800 1978 itaque
824 1894 910 1977 qaod
935 1893 1077 1958 Ciceroni
1102 1895 1254 1958 timuerat
1262 1891 1286 1977 ⁵)
1319 1894 1353 1956 in

182 2002 290 2085 ipsum
314 2020 504 2066 conversum
528 2006 582 2065 111.
1227 2018 1232 2025 ·

274 2215 294 2284 ι)
313 2214 481 2270 Caesarii.
502 2219 542 2268 21.
580 2214 632 2268 Dio
649 2213 667 2268 l.
686 2212 705 2268 l.
725 2217 767 2268 24.
840 2213 862 2283 9)
882 2213 1051 2268 Caesarii.
1071 2218 1096 2278 3,
1119 2218 1140 2266 1.
1319 2283 1320 2287 Ἰ

275 2302 297 2371 ³)
315 2303 438 2358 Fortasse
458 2303 511 2358 tale
530 2303 596 2372 quid
613 2303 667 2358 iam
682 2303 730 2357 diu
742 2302 881 2373 cogitarat,
900 2302 992 2356 uthoo
1006 2302 1150 2372 respiciens
1170 2302 1260 2356 Cicero
1276 2302 1356 2356 dubia

184 2391 231 2446 illa
249 2393 282 2446 ad
300 2394 421 2449 Atticum
440 2411 498 2464 sup.
513 2409 582 2447 anno
598 2393 758 2462 scripsisset,
775 2409 843 2462 quae
859 2408 941 2461 supra
953 2391 1095 2446 attulimus
1114 2409 1139 2461 p.
1160 2396 1202 2446 47.
1221 2409 1248 2445 n.
1262 2395 1287 2447 7.
1315 2391 1355 2445 De

184 2481 282 2537 Milone
301 2484 335 2538 cf.
353 2503 378 2553 p.
399 2488 433 2538 28
451 2501 491 2554 sq.
712 2554 715 2558 .

272 2575 295 2643 ⁴)
315 2573 414 2628 Caesar
432 2574 465 2627 11
492 2573 557 2628 1111.Ι
573 2573 623 2626 civ.
653 2578 678 2640 3,
699 2577 732 2627 20
752 2589 800 2643 sq,
819 2572 890 2627 Vell.
917 2571 976 2627 Pat.
1006 2576 1030 2641 2,
1059 2576 1102 2639 68,
1130 2571 1181 2625 Dio
1200 2575 1243 2639 42,
1263 2574 1297 2626 24
1315 2587 1355 2640 sq.

185 2662 301 2716 Paulum
324 2663 475 2732 discrepant
497 2665 566 2717 inter
585 2679 614 2717 se
632 2665 762 2717 auctores.
800 2661 871 2716 Vell.
896 2661 963 2714 nihil
985 2661 1097 2716 tradidit
1114 2661 1147 2714 de
1165 2661 1216 2716 hac
1236 2661 1356 2716 coniura-

185 2752 264 2821 tione,
283 2751 335 2806 nisi
357 2751 486 2806 Milonem
505 2753 647 2821 Compsam
676 2753 883 2823 oppugnantem,
910 2751 1031 2806 Caelium
1055 2753 1089 2806 ad
1116 2751 1229 2806 Thurios
1252 2751 1356 2805 occisos

185 2857 252 2895 esse.
288 2841 339 2896 Dio
367 2843 457 2896 narrat
474 2842 603 2896 Milonem
626 2842 746 2895 tumultu
769 2842 875 2910 Capuae
898 2842 970 2894 moto
989 2856 1023 2893 ex
1041 2841 1184 2910 Campania
1201 2840 1311 2910 pulsum
1328 2840 1357 2892 in

184 2931 284 3001 Apulia
301 2931 426 3000 periisse;
454 2931 575 2986 Caelium
602 2949 665 2986 cum
690 2948 720 2986 eo
745 2931 850 2986 omnino
873 2946 927 2988 non
950 2931 1120 2999 convenisse,
1140 2933 1187 2985 sed
1205 2931 1234 2984 11
1251 2929 1358 2984 Bruttia

184 3024 246 3090 post
264 3037 326 3074 eum
345 3022 516 3076 interfectum
535 3038 603 3076 esse.
641 3021 728 3086 Quare
751 3020 824 3074 haud
848 3019 903 3073 scio
921 3035 955 3074 an
974 3020 1002 3072 in
1021 3019 1095 3075 Caes
1116 3037 1212 3075 comm.
1232 3021 1357 3089 ,Compsa

185 3112 214 3164 in
232 3126 295 3179 agro
314 3110 436 3180 11111111ι
454 3111 598 3181 legendum
617 3111 659 3179 sit,
680 3111 727 3179 qui
746 3109 855 3179 quidem
872 3108 1004 3163 finitimus
1030 3109 1073 3162 est
1095 3109 1217 3176 Apuliae.
1253 3109 1358 3162 Kraner

185 3200 220 3254 ad
240 3199 314 3254 Caes.
333 3200 351 3253 l.
370 3200 388 3254 l.
408 3216 430 3253 c.
451 3203 493 3268 22,
507 3205 531 3254 2.
553 3201 662 3256 'Drum
681 3201 716 3269 H,
736 3203 797 3255 421.

274 3290 297 3360 ⁶)
316 3291 350 3345 ad
368 3290 429 3344 fam.
449 3294 474 3358 8,
496 3295 536 3354 14,
556 3295 580 3346 4.
